4886 6036
921 539 1446 634 onn'rto.
1811 565 1860 652 31

505 815 556 892 er
578 785 662 894 'ad
702 787 883 894 honesti
940 793 1205 928 vitandaque
1249 785 1447 892 stadium
1489 787 1862 927 progrediamur,

506 1011 575 1082 eat
634 979 705 1084 illa
763 986 867 1084 vira
930 1009 978 1082 et
1033 979 1093 1082 ad
1147 1011 1371 1084 naturamv
1410 975 1617 1116 expressa
1675 1008 1860 1103 rerum,

505 1199 802 1308 temporum,
835 1170 1219 1310 personarumque
1265 1171 1536 1306 descriptio,
1572 1203 1658 1298 ea,
1697 1203 1745 1273 ttt
1782 1201 1865 1272 nos

504 1358 742 1464 videamur
779 1390 878 1462 non·
921 1362 1112 1500 legere,
1164 1357 1245 1463 sed
1288 1361 1444 1462 videre
1455 1433 1473 1487 ‚
1528 1391 1703 1498 agere,
1765 1359 1866 1494 ipsrr

434 1653 437 1660 .
503 1553 639 1656 rebar
688 1551 926 1676 interease3
988 1585 1154 1692 aqua
1201 1553 1347 1656 aeolia
1384 1551 1574 1689 itnpulfis
1624 1551 1863 1654 incalescat

503 1752 722 1869 rrimus,
790 1775 837 1844 et
894 1751 1025 1850 omni
1088 1773 1261 1881 genere
1316 1739 1565 1844 affectuum
1619 1739 1865 1844 concussus

502 1933 631 2034 ritior
652 1932 752 2034 fiat:
790 1939 870 2069 qui
903 1933 1049 2036 intimi
1081 1929 1269 2059 sertsus,
1302 1937 1342 2033 si
1371 1929 1552 2036 historia
1585 1929 1659 2034 vel
1706 1931 1863 2035 fabulo

503 2119 621 2222 maie
677 2117 900 2256 descripta
954 2115 1147 2246 fuisset,
1218 2118 1420 2256 languidi
1494 2117 1714 2244 fuissent,
1783 2117 1862 2218 vei

502 2311 631 2424 moi.
731 2313 901 2445 Atque
968 2309 1186 2463 equidem
1244 2308 1367 2410 haud
1422 2307 1512 2410 scio
1550 2341 1627 2411 an
1681 2306 1863 2412 laudato

502 2505 584 2600 ‘aaa
631 2525 839 2598 veterum
882 2493 1151 2630 scriptortnn
1197 2501 1463 2630 praestantia
1513 2527 1561 2597 et
1618 2489 1865 2600 sublimitas

502 2717 586 2819 pro
612 2713 737 2820 part-e
763 2680 1013 2786 debeantur
1042 2711 1229 2786 naturae
1255 2686 1643 2820 contemplationi.
1717 2684 1865 2790 Certe·

503 2905 581 2974 eoa
630 2903 839 2976 naturam
891 2869 1147 3011 diligentius-
1202 2873 1543 3006 exploravisse,
1573 2905 1711 3012 quam
1745 2906 1865 2976 non»

504 3059 611 3164 nulli
659 3061 851 3162 credere
891 3057 1105 3164 videntur
1116 3134 1138 3184 ,
1193 3093 1220 3160 e
1254 3060 1409 3164 multisv
1437 3069 1701 3168 testimoniis
1736 3065 1866 3166 vido*¹

504 3282 576 3352 tur
617 3245 749 3384 posse
794 3246 956 3385 colligi.
1047 3246 1173 3350 Narn-
1213 3247 1394 3352 illorum
1434 3252 1663 3352 volumina
1715 3261 1864 3356 tonti-

503 3467 617 3542 nent
657 3432 997 3572 jocundissimos·
1042 3467 1089 3537 et
1132 3434 1195 3538 ad·
1240 3441 1406 3542 vivum·
1451 3438 1678 3575 expressas
1733 3473 1865 3544 nattar

504 3661 616 3752 rae„.
665 3625 776 3726 coeli
787 3699 811 3750 ,
855 3629 1128 3762 regionum„
1172 3622 1381 3760 stirpium
1428 3625 1783 3764 descriptiones,
1811 3663 1863 3732 er

505 3849 598 3922 ram
662 3842 887 3918 accuratas
950 3847 1101 3918 reram
1166 3814 1436 3920 naturalium*
1485 3815 1819 3926 observationes
1830 3897 1860 3948 ,‚

505 4037 624 4142 quae
686 4037 791 4108 com
854 4001 1008 4139 paullo
1051 4001 1310 4142 diligentius·
1351 4011 1708 4140 examinentur,
1759 4045 1862 4116 non

504 4229 681 4313 nrrtttm
730 4207 1015 4336 reperiantur
1063 4229 1199 4303 verae
1248 4227 1395 4334 atqtte·
1422 4199 1595 4330 utiles,
1647 4199 1724 4306 sod
1758 4233 1864 4306 nona

1779 4424 1864 4528 ΡΟ*
