4886 6036
898 515 1416 662 uR‘nT'to.
1779 585 1825 679 ‘r

483 811 725 954 piisstmurn
756 822 923 928 ,vitum
968 845 1016 920 et
1050 820 1213 958 ¹gratia
1255 813 1446 920 florebat
1495 847 1540 917 et
1575 815 1832 916 auctoritate

482 963 663 1150 ualebat
699 1003 971 1141 plurimum,
1009 1003 1137 1142 quod
1171 1003 1301 1110 fateri
1334 1038 1430 1107 non
1466 1001 1721 1126 erubesco,
1758 994 1834 1102 sed

482 1191 661 1328 semper
691 1190 853 1328 palam
904 1195 977 1328 pin
1025 1221 1182 1294 mente
1231 1221 1478 1330 agnoscere
1511 1195 1700 1329 gestiam
1717 1263 1741 1315 ,.
1765 1189 1838 1292 ini

481 1387 635 1516 primis
682 1377 856 1482 sactum
904 1411 1009 1507 est,
1058 1411 1120 1481 ut-
1167 1383 1215 1482 in
1248 1378 1368 1482 hanc
1403 1376 1662 1482 cathedram
1697 1405 1832 1512 atque

483 1579 536 1676 m
567 1569 657 1696 hoc
691 1570 875 1676 honoris
910 1571 1137 1712 fastigium
1170 1605 1248 1676 nte
1284 1577 1523 1678 evexerint
1556 1569 1836 1678 Petilustres
1894 1711 1902 1724 ἱ

481 1755 718 1868 Athenaei
761 1759 1019 1864 Curatores.
1103 1755 1243 1894 Cujus
1293 1761 1415 1862 adeo·
1474 1757 1839 1898 praestantisstmi

480 1953 608 2054 settis
642 1946 827 2052 consrliis
854 1977 909 2096 et
942 1955 1189 2090 praeceptis
1226 1983 1331 2051 curn
1366 1947 1477 2054 tnihi
1511 1953 1668 2086 juveni
1711 1953 1841 2054 utem

482 2141 593 2245 dunt
628 2134 994 2276 proposuissem,
1046 2167 1094 2240 et
1127 2133 1375 2238 fruendum
1413 2133 1677 2240 sermonum
1714 2135 1838 2240 usus·

484 2325 858 2464 quassantium,
896 2355 1035 2465 quam
1069 2331 1218 2464 gravis
1252 2357 1299 2426 et
1340 2327 1468 2430 tristis
1499 2324 1609 2428 mihi
1629 2323 1837 2428 acciderit

483 2517 595 2628 iiiios
628 2515 805 2642 obitus,
829 2545 913 2616 vos
946 2511 1076 2616 sacile
1111 2507 1424 2649 suspicamini,
1446 2511 1694 2619 Auditores
1705 2592 1730 2642 ,
1758 2521 1846 2652 qu'i'

481 2705 750 2845 singularem
780 2701 888 2808 'Viri
919 2697 1246 2804 humanitatem
1279 2735 1328 2806 et
1360 2699 1507 2805 officia
1529 2708 1834 2842 cognovistis,

484 2929 534 2998 et
566 2921 708 3031 quarn
742 2921 870 2992 carus
901 2888 975 2994 ilie
1012 2887 1195 3027 collegis
1228 2921 1277 2991 et
1309 2885 1529 3028 discipulis
1563 2889 1648 2992 suis
1685 2885 1800 2991 esset
1818 2941 1849 3016 ‚⁴

483 3113 695 3190 moerore
755 3077 923 3182 funeris
981 3077 1228 3184 indicatum
1275 3076 1513 3214 spectastis.
1620 3081 1694 3186 At
1738 3113 1837 3190 non

486 3301 669 3377 tantum
697 3273 831 3392 mei,
864 3259 942 3366 sed
975 3259 1116 3402 longe
1150 3269 1293 3402 magis
1325 3263 1513 3384 Vestri,
1550 3296 1598 3367 et
1631 3276 1834 3404 patriae,

487 3491 538 3562 et
565 3457 844 3560 selentiarum
879 3448 1029 3556 caussa
1067 3477 1172 3558 tarn¹
1193 3452 1473 3558 elatisfimunr
1508 3455 1660 3563 lumen
1689 3485 1837 3562 morte

486 3647 761 3754 exstinctum
796 3641 950 3745 doleo
1019 3641 1113 3748 Sed
1146 3649 1386 3780 reprimam
1421 3675 1530 3772 me,
1565 3643 1834 3774 Auditores,

383 3801 386 3808 Ι
486 3863 642 3974 neque
699 3838 1019 3958 committam,
1071 3863 1120 3932 ot
1174 3828 1259 3933 hac
1313 3831 1424 3936 hora
1465 3837 1599 3936 animi
1634 3833 1838 3942 dolorem

488 4025 830 4158 molestiamque
876 4051 1112 4124 renovem.
1199 4017 1278 4124 Et.
1312 4053 1424 4124 veto
1459 4023 1568 4160 quid
1602 4025 1839 4164 nosipsos

488 4217 603 4320 adeo
650 4243 885 4338 amamus,
935 4242 985 4314 ut
1019 4215 1183 4313 nostris
1218 4211 1516 4329 incommodis
1548 4221 1736 4356 gravius·
1764 4248 1840 4320 an·
