4886 6036
909 519 1429 674 oRtll'lor
1787 591 1838 682 37

494 835 551 924 'ea
585 852 695 925 vero
732 853 799 926 est
827 823 936 928 illius
972 821 1277 962 philosophiae
1311 817 1456 950 ratio,
1492 853 1541 924 ut
1574 818 1842 956 ltquis'cjur

497 1017 690 1145 pretium
748 1011 838 1114 sola
887 1012 1070 1116 utilitate
1107 1018 1268 1116 'metiri
1316 1019 1496 1150 cupiat,
1541 1009 1655 1112 illam
1694 1014 1845 1145 magni

494 1198 664 1326 faciet,
714 1229 762 1302 et
801 1200 976 1303 fontem
1030 1202 1149 1304 dicet
1163 1277 1180 1328 ,
1236 1235 1264 1302 e
1319 1235 1413 1338 quo
1459 1195 1847 1304 innumerabilium

494 1395 655 1490 artium
675 1463 691 1515 ,
727 1423 844 1525 quae
898 1389 955 1490 ad
997 1399 1168 1492 victum
1201 1422 1248 1488 et
1299 1389 1355 1490 ad
1392 1397 1528 1492 vitam
1573 1345 1849 1494 necessariae¹

493 1579 745 1707 habentur5
795 1580 937 1682 etad
980 1581 1353 1684 commoditatem
1398 1611 1445 1680 er
1483 1597 1694 1682 ornatum
1738 1555 1848 1712 opri-

496 1801 597 1870 mae
613 1819 636 1894 ‚¹
686 1769 980 1872 colendarum
1038 1803 1276 1905 praecepta
1336 1778 1429 1904 peti
1477 1769 1676 1904 possuntr¹
1742 1767 1853 1868 Nee

493 1965 673 2061 mirum.
762 1961 858 2098 Qui
900 1991 1051 2060 rerum
1118 1964 1332 2094 principia
1396 1956 1663 2093 caussasque
1726 1922 1856 2057 bene'¹

491 2145 798 2282 perscrutatus
858 2179 958 2272 est,
1014 2146 1072 2253 ad
1116 2144 1343 2248 scientiam
1386 2145 1541 2282 legum
1581 2145 1846 2246 naturalium

492 2345 714 2471 pervenit.
787 2339 943 2474 Quam
989 2345 1069 2472 qui
1122 2343 1352 2463 tenuerit,
1408 2343 1505 2438 isne
1556 2334 1746 2436 modum
1796 2340 1845 2435 iis

494 2523 648 2626 utendi
689 2525 901 2661 ignoret?
973 2521 1170 2624 Etenim
1201 2555 1298 2624 non
1341 2523 1452 2624 levis
1485 2553 1553 2624 est
1582 2553 1629 2623 et
1660 2479 1850 2626 fluctuat·

491 2744 643 2815 rerum
687 2709 884 2830 indolem
923 2743 1074 2847 neque
1119 2741 1306 2814 natutae
1349 2712 1473 2852 leges
1511 2711 1687 2815 fallaces
1721 2675 1844 2842 sunt,

494 2899 572 3002 sed
622 2929 802 3025 certae3
855 2933 1010 3036 neque
1054 2897 1160 3002 aliae
1199 2907 1245 3000 ln
1279 2901 1450 3004 artificis
1493 2901 1702 3029 officina,
1735 2874 1857 3004 aliae

492 3089 758 3194 inmundo.
829 3087 935 3191 Has
964 3085 1244 3188 srinrueatur
1257 3163 1274 3213 ,
1312 3119 1408 3192 non
1455 3093 1617 3195 errabit
1655 3093 1847 3220 artilex,

491 3247 577 3380 led·
609 3276 737 3380 facile
779 3307 827 3376 et
869 3283 959 3376 cito
997 3275 1311 3412 progredietur
1347 3275 1394 3378 in
1426 3310 1565 3412 opere
1595 3279 1687 3386 suo,
1740 3283 1847 3386 'Cui

490 3469 523 3570 sr
565 3497 782 3604 magnum
818 3469 1051 3602 ingenium
1093 3495 1189 3589 est,
1240 3461 1297 3564 ab
1344 3494 1402 3565 eo
1445 3472 1659 3570 eximium
1705 3471 1847 3606 quid,

493 3689 540 3760 er
586 3663 633 3760 in
677 3651 758 3756 suo
799 3684 970 3790 genere
1006 3653 1227 3755 excellens
1268 3651 1512 3790 exspectari
1545 3686 1709 3792 potest.
1780 3662 1855 3766 Ue

492 3839 800 3950 Archimedes
843 3839 1018 3960 docuir;
1062 3846 1139 3979 qui
1168 3840 1224 3944 ad
1257 3843 1520 3946 miraculum
1556 3877 1698 3984 usque
1725 3853 1854 3988 ingo·

493 4033 681 4157 niolur,
736 4030 953 4134 coelestes
1008 4029 1143 4132 orbes
1196 4063 1294 4135 non
1339 4063 1512 4140 tantum
1554 4037 1852 4174 perscrutatus

494 4253 590 4350 cot,
625 4217 701 4322 sed
739 4224 876 4326 etiam
908 4224 1116 4327 imitatus.
1189 4215 1285 4326 Sed
1311 4225 1653 4334 animadvertite
1682 4231 1847 4372 quaeso

1120 4405 1165 4514 E
1202 4443 1234 4552 3
1745 4421 1846 4525 Au.
