4886 6036
603 593 653 658 ra
1006 567 1533 698 *onaulu

590 813 861 925 'naturalium
895 815 1343 958 contemplandarum
1377 817 1617 957 cupiditate
1649 817 1755 920 ferri
1788 805 1954 920 solent:

597 1009 682 1114 Est
727 1008 841 1111 haec
888 1009 1071 1148 quidem
1105 1011 1280 1146 puerilis
1323 1011 1676 1146 contemplati0‚
1735 1039 1780 1109 et
1823 1035 1948 1108 tene·

604 1235 681 1305 rae
725 1207 860 1304 aetati
892 1199 1285 1330 adcommodata,
1342 1201 1462 1304 bona
1521 1181 1713 1326 tamen,
1761 1225 1810 1298 et
1844 1195 1949 1300 felia

601 1387 823 1492 cisfimum
863 1389 1092 1494 interdum
1132 1395 1303 1494 rarioris
1351 1389 1526 1494 suturae
1569 1398 1617 1492 iu
1669 1385 1959 1525 philosophia·

600 1581 891 1682 excellentiae
945 1575 1153 1686 initium.¹
1236 1582 1290 1686 A
1336 1609 1426 1717 qua
1479 1580 1646 1684 vellent
1706 1577 1951 1714 prudentes

500 1873 506 1882 ,
599 1775 681 1870 viri
732 1767 855 1870 bona
909 1801 1154 1902 puerorum
1205 1777 1418 1906 ingenia,
1461 1772 1779 1902 intempestiva
1833 1763 1954 1868 seve·

599 1965 759 2080 ritate,
825 1989 871 2056 et
926 1957 1168 2061 decantatis
1220 1957 1278 2060 de
1321 1956 1533 2059 inutiliter
1579 1953 1846 2089 consumpto
1907 1963 1952 2057 in

599 2147 683 2246 ista
725 2143 876 2244 labore
916 2147 1147 2281 querelis,
1175 2154 1324 2248 minus
1367 2144 1511 2250 avelli.
1581 2137 1643 2246 Er
1674 2175 1952 2280 quamquam

600 2341 658 2434 ita
699 2363 1006 2466 comparatum
1054 2332 1151 2433 esse
1198 2333 1404 2460 videtur,
1455 2363 1507 2434 ut
1547 2365 1674 2470 quas·
1696 2333 1865 2434 assrduo
1907 2363 1954 2432 et

602 2519 804 2658 quotidie
851 2519 1009 2622 videre
1052 2517 1386 2622 consueverunt
1436 2521 1587 2646 oculi,
1620 2527 1669 2622 iis
1716 2520 1866 2620 rebus‘
1891 2553 1955 2620 as·

604 2711 806 2811 suescant
853 2715 1021 2836 animi,
1057 2708 1224 2810 etiamst
1277 2707 1628 2809 amificiosrssrmis
1677 2739 1724 2809 et
1772 2707 1955 2810 admira·

600 2898 791 3017 bihbus3
827 2929 878 2996 ut
913 2895 1066 2998 videas
1114 2894 1321 2996 homines
1366 2897 1603 3034 magnifica
1640 2895 1953 3000 aedificationis

590 3089 774 3226 apem,
811 3089 1008 3226 templa,
1042 3094 1275 3223 porticus,
1312 3085 1517 3216 theatra,
1552 3089 1627 3192 vel
1663 3096 1865 3224 picturae
1908 3122 1955 3190 et

600 3279 851 3410 sculpturae
896 3307 1228 3401 monumenta,
1278 3283 1326 3376 in
1366 3279 1529 3413 quibus
1575 3277 1762 3381 absoluti
1807 3285 1957 3414 operis

600 3495 858 3568 extremum
920 3470 1142 3593 cernitur,
1192 3494 1289 3566 non
1323 3463 1624 3594 admirari,sr
1670 3468 1740 3570 illa
1777 3466 1955 3606 semper

600 3653 787 3773 vident3
863 3651 1130 3791 magnitudo
1179 3685 1334 3757 tamen
1391 3687 1545 3758 rerum
1594 3661 1860 3762 naturalium
1908 3693 1955 3763 ec

601 3845 846 3951 insatiabilis
893 3841 1063 3982 species
1096 3877 1195 3948 non
1229 3846 1434 3950 desmunt
1467 3883 1672 3987 unquam
1705 3848 1839 3954 serite
1873 3849 1957 3953 ho·

604 4042 777 4140 minem
828 4065 875 4136 et
919 4033 979 4137 ad
1013 4036 1309 4172 exquirendas
1343 4036 1513 4142 caussas
1548 4041 1759 4150 excitare.
1828 4041 1952 4148 Nam

604 4225 637 4329 sr
681 4221 889 4332 attollent
931 4224 1086 4332 ouuos
1138 4229 1321 4334 coelum
1377 4227 1565 4366 aspicit,
1626 4263 1799 4378 perque
1862 4229 1955 4336 hoe

1889 4421 1952 4524 lu·
