4886 6036
913 569 1433 664 ORATIO.
1586 581 1588 586 ’
1789 591 1836 658 ιι

491 855 540 930 et
587 825 733 925 omnis
786 813 990 957 pulchri,
1034 826 1237 943 venusti,
1283 849 1423 954 atque
1470 815 1623 920 decori
1663 791 1841 920 sensum

492 1021 615 1119 alunt
664 1045 711 1114 et
761 1027 941 1115 acuunt.
1014 1009 1154 1144 Cujus
1206 1009 1448 1112 sententiae
1513 1013 1676 1110 veritas
1735 1037 1841 1108 cum

495 1203 643 1310 Vobis
681 1201 923 1330 omnibus,
966 1203 1248 1331 Auiones,
1289 1203 1578 1340 clamatque
1606 1199 1841 1306 manifesta

493 1392 575 1517 llt,¹
642 1389 731 1494 sola
790 1423 867 1492 mo
924 1389 1105 1492 adducit
1156 1391 1383 1526 exempli,
1434 1389 1582 1527 quod.
1618 1387 1843 1512 admiror,

493 1586 756 1716 praestantia
770 1632 810 1708 ,·
852 1610 904 1679 ut
970 1577 1044 1680 hic
1086 1585 1406 1714 pronuntiem,
1472 1577 1655 1682 easdem
1700 1577 1845 1682 literas

492 1766 737 1906 Phyficum
798 1789 1157 1900 tenerentque
1217 1763 1475 1870 exhilarare.
1532 1762 1845 1898 Exemplum

492 1989 560 2063 est
592 1961 793 2060 eximius
850 1953 1020 2062 Vester
1067 1951 1331 2088 quondam,
1367 1985 1589 2056 odraus
1637 1979 1847 2056 nieuw·

493 2176 741 2274 r.‚an1>os.
808 2141 897 2248 Ad
944 2139 1127 2244 easdem
1169 2141 1258 2240 illas
1311 2172 1500 2275 quoque
1559 2137 1726 2240 referti
1755 2157 1846 2254 mei

493 2366 645 2438 rentur
673 2333 926 2466 disciplinae
940 2363 1110 2466 ‚··quae
1146 2333 1242 2431 veri
1283 2327 1501 2429 studiosae
1539 2358 1690 2428 tetum
1724 2285 1845 2461 prin·

493 2531 605 2661 clpia
646 2521 920 2657 caussasque.
952 2547 1178 2644 tractant,
1210 2549 1326 2655 quae
1362 2517 1420 2618 ad
1471 2547 1659 2619 natutae
1696 2523 1848 2654 cogni·

492 2718 663 2814 tionem
703 2716 930 2844 pertinent
945 2783 962 2834 ,
998 2737 1045 2807 et
1088 2701 1394 2841 philosophiae
1424 2707 1633 2810 naturalis
1658 2713 1845 2810 nomino

493 2897 816 3038 comprehendi
860 2893 1019 2996 solent.
1090 2889 1176 2996 Ad
1207 2925 1399 3026 quatum
1431 2891 1628 2994 studium
1661 2923 1741 3020 aut
1768 2891 1847 2994 fal·

482 3091 589 3216 lor,
612 3121 689 3191 aut
729 3087 965 3190 hominem
992 3079 1253 3184 adhortator
1294 3081 1368 3185 sua
1404 3081 1533 3220 ipfius
1568 3116 1729 3189 natura
1744 3133 1776 3212 ‚·
1796 3116 1845 3188 et

491 3279 621 3380 allicit
672 3307 720 3375 et
756 3280 914 3376 invitat
955 3303 1121 3408 magna
1161 3298 1313 3370 rerum
1343 3278 1539 3374 -varietas
1573 3307 1626 3374 ac
1661 3273 1850 3408 speciosi

489 3465 576 3572 ‘Ad
623 3497 806 3567 naturae
851 3460 1282 3596 contemplationem
1322 3457 1556 3564 hominem
1594 3493 1766 3563 mature
1799 3493 1846 3560 et

495 3653 653 3790 sponte
707 3650 854 3775 duci,
887 3654 1023 3750 etiam
1046 3705 1054 3716 „
1085 3652 1212 3782 pueri
1276 3644 1444 3750 indicio¹
1505 3647 1623 3760 luntt
1671 3695 1712 3718 w
1749 3649 1844 3787 Qui

492 3840 695 3944 nondum
748 3837 982 3940 admoniti
1015 3834 1074 3935 de
1124 3832 1257 3940 rebus
1305 3833 1530 3939 artibusve
1571 3841 1739 3972 pretio¹
1762 3837 1850 3940 stat

491 4027 694 4150 tuendo,
729 4027 819 4128 fine
849 4023 936 4136 ulla
970 4019 1313 4151 adhortatione,
1355 4057 1561 4136 naturam
1609 4033 1848 4162 optimamp

494 4249 722 4371 tamquam
763 4215 927 4338 ducem
948 4249 953 4262 ·
978 4241 1026 4366 et
1067 4220 1337 4350 magistram
1385 4217 1655 4366 sequentes,¹
1694 4251 1850 4338 rerum,

1123 4403 1235 4510 132
1772 4439 1848 4514 tta·
