4886 6036
586 530 616 630 4
1003 521 1527 619 ORATIO

584 791 701 872 vero
751 763 943 876 laetitiae
994 765 1201 900 sensum,
1267 801 1406 912 quam
1456 769 1724 872 acerrimum
1777 795 1826 876 et
1876 757 1936 870 ad

586 949 793 1056 fiduciam
828 951 1123 1062 adferendam
1166 917 1511 1062 efficacissimum
1526 1035 1546 1085 ‚
1591 955 1705 1060 adeo
1751 955 1937 1059 hebetat

584 1169 722 1276 atque
768 1139 978 1246 obtundit
1026 1153 1254 1248 tenuitatis
1304 1177 1352 1248 et
1405 1146 1612 1248 infantiae
1659 1177 1788 1248 mcae
1829 1175 1940 1246 con.

587 1328 805 1456 scientia,
839 1363 888 1431 ut
921 1330 979 1432 ad
1013 1331 1255 1437 dicendum
1288 1333 1497 1436 admissus
1545 1359 1778 1466 concepto
1814 1361 1938 1434 metu

582 1517 821 1652 perturber
891 1552 945 1620 ac
1009 1523 1224 1626 debiliter.
1335 1521 1478 1660 Quod
1526 1521 1557 1621 sr
1605 1519 1752 1622 dilerti
1797 1555 1844 1624 et
1891 1527 1937 1622 in

587 1703 781 1808 dicendo
837 1717 1064 1812 exercitari
1098 1709 1229 1837 Viti,
1284 1709 1410 1810 ficuti
1459 1715 1713 1845 accepimus
1769 1741 1816 1810 et
1863 1709 1938 1844 lplr

585 1891 815 2020 vidimus,
852 1893 909 1996 ad
944 1895 1185 2000 dicendum
1225 1897 1368 1998 timidi
1403 1897 1663 2023 accedunt,
1712 1899 1941 2012 etmultls

534 2045 542 2076 ⁸
583 2080 734 2184 verbis
785 2082 1135 2186 imbecillitatem
1171 2083 1340 2222 ingenii
1388 2083 1512 2190 suam
1560 2082 1847 2212 excusantes,
1882 2085 1939 2188 ad

584 2267 870 2375 Auditorum
903 2269 1256 2376 benivolentiam
1306 2295 1372 2373 et‘
1392 2264 1730 2375 humanitatem
1761 2272 1941 2377 conlo·

585 2463 746 2596 giunt5
808 2454 936 2594 quod
991 2457 1228 2564 hominum
1278 2459 1438 2596 judicia
1487 2465 1825 2587 extimescunt,
1863 2419 1941 2562 ct

586 2647 773 2750 arduam
807 2677 926 2748 rem·
965 2649 1057 2752 esse
1105 2649 1372 2754 arbitrantur
1417 2653 1469 2762 in¹
1511 2649 1772 2754 doctorum·
1801 2651 1942 2758 Viro·

582 2869 686 2944 rum
723 2867 954 2942 conventu
1003 2835 1144 2940 verba
1177 2837 1363 2957 lacere3
1426 2869 1516 2975 ego
1559 2871 1718 2974 parurn
1764 2841 1939 2976 pudens

582 3027 703 3154 nn,
751 3059 907 3164 neque
956 3026 1203 3131 admodum
1240 3025 1542 3164 .perpendisse
1565 3145 1569 3154 ¹
1589 3027 1773 3168 videar,
1815 3031 1940 3166 quod

584 3215 787 3322 tandem.
804 3247 919 3318 onus
953 3239 1092 3351 atque
1126 3247 1289 3317 munus
1323 3213 1623 3352 susceperim,
1679 3215 1759 3318 nisa
1813 3251 1939 3322 meus

584 3437 712 3510 nunc
744 3411 917 3508 animus
951 3401 1181 3541 suspensus
1214 3403 1291 3531 lrt,·
1306 3433 1352 3504 et
1369 3435 1580 3505 curarum
1610 3435 1664 3505 ac
1690 3403 1939 3512 sollicitudi-

584 3627 697 3698 num
730 3595 935 3698 lluctlbus
968 3603 1207 3698 misceatur
1239 3625 1285 3694 et
1307 3599 1351 3696 in
1367 3603 1371 3612 “
1386 3601 1527 3694 varias
1543 3587 1548 3600 ’
1562 3623 1710 3727 partes
1730 3603 1934 3733 agitetur.

583 3785 726 3890 Nam·
763 3814 815 3886 ut
863 3789 1069 3888 omittam
1104 3815 1255 3886 meam
1290 3779 1466 3884 dicendi
1499 3779 1723 3916 hujusque
1756 3781 1842 3887 loci
1875 3794 1938 3888 in·

523 3997 528 4004 ·
590 3973 852 4099 solentiam,
909 3973 1094 4076 dicimus
1134 3979 1182 4073 in
1215 3969 1480 4074 nobilislrma
1517 3974 1718 4098 civitate,
1775 3963 1938 4080 artibus

584 4197 631 4278 et
684 4161 918 4302 disciplinis
961 4163 1171 4287 exculta3
1211 4167 1273 4304 in
1324 4193 1415 4298 qua
1465 4159 1745 4297 eloquentiae
1791 4165 1935 4272 studia

1841 4359 1936 4490 jam
