4886 6036
633 602 688 714 49
1048 569 1577 732 ud‘R'ATIQ

627 841 740 982 nant
764 825 1009 932 effundere.
1031 829 1238 958 metalla,
1275 863 1407 971 agros
1435 839 1481 936 in
1513 860 1787 968 perpetuum
1814 825 1978 932 efferre

625 1014 796 1152 fruges,
867 1017 960 1122 Sed
1007 1051 1198 1135 naturae,
1242 1019 1424 1172 scientia
1464 1026 1627 1124 nescio,
1657 1051 1716 1120 an
1762 1019 1868 1120 nulli
1897 1025 1977 1121 arti

623 1203 721 1337 plus
767 1211 1033 1312 incrementi
1074 1229 1122 1309 et
1164 1207 1300 1311 laudis
1349 1177 1575 1333 attulerit}
1611 1237 1749 1344 quam
1791 1205 1985 1330 salutaria¹

623 1389 705 1528 Illa
744 1403 867 1496 enim
907 1406 1049 1533 prima
1096 1395 1336 1530 illustravit.
1374 1395 1568 1528 hominia
1622 1394 1972 1530 fabricationem.¹

623 1580 749 1686 Non.
792 1583 926 1685 habet
968 1617 1177 1722 vacuatas.
1212 1585 1472 1711 medicum,
1542 1589 1622 1718 qui
1672 1583 1731 1682 de
1781 1579 1975 1684 hominia

622 1756 951 1874 membrorum.
970 1775 1308 1912 abditarumque
1339 1773 1582 1909 partiumd
1613 1778 1728 1872 ctius
1753 1771 1974 1896 dissecuit,

621 1933 825 2096 dusz
872 1997 1025 2069 enum.
1061 1964 1211 2068 Hunc
1243 1994 1398 2104 tamen
1429 1958 1605 2062 constat
1636 1957 1849 2068 rarissime
1879 1991 1977 2062 con·

619 2148 980 2284 puahumanum
1025 2155 1168 2253 cultro
1211 2149 1491 2277 dissecuisse,
1514 2148 1972 2284 saepiusanimantia,

618 2336 800 2472 ipsaque
841 2337 1006 2439 horum
1049 2337 1260 2441 indicasse
1295 2372 1495 2475 genera,
1533 2369 1652 2470 quae
1691 2337 1748 2438 ad
1780 2333 1973 2440 bominis

616 2506 945 2658 necfectionem
997 2523 1351 2662 perspiciendam
1415 2530 1586 2658 optime
1644 2523 1973 2662 indagarentur.

617 2715 899 2854 Quisncscit
924 2712 1109 2818 Albcrti
1141 2713 1317 2818 Hallcri
1347 2719 1503 2815 merita
1537 2742 1585 2810 et
1610 2709 1879 2826 sententiam,
1912 2715 1971 2818 de

616 2903 880 3046 declaranda
894 2901 1091 3006 humana
1109 2902 1298 3008 naturai
1335 2901 1540 3004 Plucium
1555 2906 1750 3000 virorum
1764 2909 1967 3028 nomina,

617 3123 733 3228 quae
767 3089 897 3224 hujus
933 3119 1166 3194 anatomes
1192 3085 1339 3190 studio
1365 3117 1414 3191 et
1438 3085 1569 3187 laude
1592 3086 1891 3191 inclaruerunt
1925 3099 1971 3196 in

613 3283 793 3392 Batava
816 3375 819 3384 ,
846 3313 892 3379 et
938 3288 983 3379 in
1025 3278 1113 3378 aliis
1159 3282 1318 3416 tercia,
1365 3275 1506 3416 sciens
1545 3307 1794 3410 praetereo.
1868 3280 1970 3386 Nec

614 3471 754 3606 pudet
793 3501 869 3578 me
916 3465 1066 3568 dicere
1092 3462 1331 3574 Chemiam
1365 3459 1550 3600 pulchre
1581 3461 1792 3598 adjuvare
1833 3498 1975 3610 atque.

613 3687 833 3772 exornare
853 3637 1161 3762 Medicinam:
1185 3653 1262 3758 etfi
1280 3651 1384 3758 scio
1416 3653 1532 3794 illam
1563 3655 1754 3756 multum
1777 3657 1968 3764 invidiae

614 3883 660 3952 et
684 3849 891 3956 infamiae
914 3847 1163 3984 suscepisse.
1206 3847 1331 3986 Quas
1351 3845 1417 3980 ab,
1435 3843 1601 3954 inscitia
1622 3877 1717 3948 tum
1728 3846 1966 3978 Chemiac,

616 4075 715 4154 cum
746 4039 1008 4146 Medicinae
1040 4033 1172 4142 fuisse
1215 4035 1469 4174 profectas,
1518 4069 1631 4138 unus
1681 4038 1964 4146 Boerhavius

613 4229 810 4372 probet,
846 4237 922 4368 qni
957 4259 1003 4328 et
1041 4223 1443 4368 (licemiaei'tator¹
1468 4223 1583 4349 fuit,
1606 4313 1608 4320 .
1628 4256 1675 4328 et
1701 4227 1815 4370 alter
1847 4227 1964 4366 Hipe

609 4453 827 4559 paeratcs.
1852 4418 1961 4524 Vel·
