4886 6036
893 553 1412 646 ORATIO.
1785 569 1825 653 ²5

466 799 571 935 -jam
621 801 796 939 pridem
846 806 1122 943 viguerunt,
1177 815 1225 904 'et
1256 833 1380 906 nunc
1404 806 1610 903 'maxime
1644 805 1825 933 vigent3

467 990 669 1094 dicimus
717 1027 775 1094 eo
819 1023 877 1092 ex
920 991 1061 1117 loto,
1111 1025 1140 1092 e
1191 1025 1282 1129 quo
1325 1023 1564 1126 tamquam
1598 987 1827 1088 doctrinae

482 1187 627 1304 omnis
644 1181 878 1306 'satanin
928 1185 974 1282 in
1011 1189 1172 1315 quovis
1208 1179 1533 1316 disciplinarum
1568 1209 1737 1316 genere
1771 1173 1829 1274 da

472 1372 682 1468 maximis
696 1443 714 1495 ,
772 1367 930 1468 divinis
985 1364 1280 1507 humanisque
1336 1371 1469 1471 rebus
1524 1366 1726 1504 copiosae
1782 1395 1828 1464 et

479 1585 664 1656 ornatae
711 1564 935 1660 orationes
982 1553 1164 1658 habitae
1212 1559 1328 1664 fiant.
1401 1557 1653 1663 Athenaeo
1707 1561 1829 1658 enim

473 1744 948 1870 Amst'elodamenstf,
1020 1743 1229 1882 smgulari
1304 1745 1665 1848 Moderatorum·
1730 1775 1833 1880 pru·

468 1931 636 2036 dentis
644 2009 660 2061 ,
717 1940 934 2071 contigit,
984 1961 1034 2032 ut
1060 1931 1066 1938 ’
1091 1907 1208 2066 quos
1257 1931 1458 2036 habuerit
1513 1933 1834 2060 Prosessores‚

472 2119 609 2224 saonis
679 2119 812 2223 literis
874 2117 1070 2220 excultas
1122 2119 1189 2221 issi.
1244 2119 1505 2222 tradiderint
1571 2121 1832 2246 doctrinas,

474 2331 559 2410 at.¹
580 2341 686 2410 cum
744 2304 979 2410 facundiae
1032 2305 1163 2412 laude
1232 2311 1507 2443 conjunctas.
1615 2311 1829 2448 Quorum

448 2469 680 2600 ¹uirorum
723 2467 1010 2597 ¹memoriam
1075 2525 1206 2633 grato
1274 2503 1442 2600 animo
1479 2493 1829 2634 prosequimur,

479 2716 527 2790 at
604 2683 973 2822 magnitudinem
1044 2681 1360 2804 admiramur3
1408 2717 1641 2822 ·quorum
1718 2717 1832 2788 vero

477 2873 629 2980 laudes
685 2873 834 2978 verbis
884 2865 1052 2976 'efferre
1108 2869 1275 2972 facilius
1333 2901 1435 2999 est,
1508 2905 1650 3010 quam
1693 2879 1831 2980 imita·

479 3075 604 3170 tione
669 3062 878 3199 adscqui;
956 3061 1043 3162 etst'
1094 3067 1318 3166 intuentes
1364 3061 1538 3165 illomm
1581 3069 1797 3202 imagines
1813 3078 1839 3192 ,·.

480 3253 608 3356 sacra·
655 3251 786 3383 hujus
841 3249 960 3354 aedis
1011 3277 1312 3372 ornamenta,
1379 3248 1437 3350 ab
1507 3257 1632 3352 omni
1693 3257 1837 3354 etiam»

436 3411 440 3418 ¹
478 3407 808 3582 psaedicatione
831 3513 858 3564 ,,
905 3435 1099 3572 ipsorum
1148 3441 1377 3572 gravitatis
1412 3471 1466 3540 ac
1500 3439 1719 3578 dignitatis
1754 3443 1842 3543 ob·-

480 3663 579 3734 tutu
615 3627 932 3744 deterremur.·
972 3625 1183 3731 Dicimus
1220 3625 1415 3763 denique
1449 3625 1637 3764 auspicii.
1665 3627 1829 3734 caussa.

481 3819 545 3923 Et
594 3814 873 3951 auspicamur
921 3813 1174 3917 studiorum
1223 3815 1583 3951 professronem,
1633 3851 1750 3955 quae
1784 3853 1834 3924 ut

477 4007 756 4148 jucunditate
790 4035 835 4104 et
870 4011 1177 4140 praestantiaj
1232 4005 1291 4107 ita
1326 4006 1618 4142 amplitudine
1649 4011 1835 4114 incredi-

484 4199 628 4304 biliter
678 4190 930 4316 excellunt5
987 4225 1104 4332 quae
1153 4189 1232 4294 etst
1265 4192 1406 4298 videri
1440 4195 1621 4332 possmt
1647 4199 1703 4304 ad
1736 4233 1836 4336 per-

1100 4380 1159 4492 Α
1188 4419 1230 4523 3;
1740 4387 1830 4490 seca
