4886 6036
626 563 681 636 uo
1042 533 1563 648 ort-,Auro

635 775 1147 898 WDueimur'homirrer
1168 789 1366 901 dnoen'di
1391 791 1969 936 mgnosrenthua'stufflor
1997 849 2000 858 ·

603 993 752 1122 'eique
781 983 1086 1122 ¹obsequimur
1110 987 1325 1090 instructi
1354 985 1643 1126 lingularibus
1681 995 1883 1122 eorporis
1908 1019 1970 1098 ner

600 1173 1118 1304 mennrsrculratibus,
1152 1207 1201 1277 et
1229 1176 1448 1278 admoniti
1463 1177 1615 1280 indit-a
1636 1175 1971 1282 divinitusuos·

614 1397 713 1467 rrae
740 1360 881 1470 menti
898 1343 1206 1504 [praenotione
1220 1389 1224 1401 ·
1238 1368 1429 1470 utilitatis
1448 1355 1595 1500 'hujus
1628 1357 1772 1470 studii.
1806 1357 1969 1470 ·‘sicutt

606 1555 919 1694 uetosmguli
946 1555 1154 1660 ducimur
1182 1589 1337 1692 neque
1374 1555 1540 1658 eodem
1575 1563 1774 1692 impetu,
1808 1554 1970 1680 eadem

611 1745 867 1846 constantia
903 1737 1428 1878 at'perseverantiapita
1450 1745 1619 1848 diversa
1655 1745 1798 1846 studia
1829 1743 1970 1880 sequi·

611 1963 718 2033 mur
732 2005 749 2057 ,
805 1928 982 2034 diversa
1028 1939 1215 2070 'ratione
1264 1963 1426 2066 neque
1459 1929 1672 2034 eumdem
1716 1938 1763 2034 in
1812 1931 1967 2056 finem,

603 2125 779 2254 'Atque
828 2116 922 2220 lroc
976 2117 1194 2252 sapienter
1232 2135 1306 2222 ac‘
1320 2116 1519 2220 sollerter
1540 2119 1620 2224 fit.
1692 2117 1755 2222 Et
1798 2119 1968 2239 habent

605 2311 747 2408 etiam
790 2303 984 2442 stragulae
1020 2337 1138 2406 artes
1179 2339 1233 2406 ac
1263 2307 1518 2441 disciplinae
1557 2305 1652 2407 suas
1689 2308 1850 2443 quibus
1878 2307 1967 2412 sese

606 2493 936 2598 commendant
965 2493 1190 2598 utilitates
1234 2525 1290 2594 ar
1330 2494 1540 2620 delicias,
1576 2474 1622 2593 et
1664 2528 1757 2596 tam
1793 2497 1969 2632 amplae

608 2683 715 2786 limt
726 2757 743 2810 ,
778 2713 831 2786 ut
862 2717 920 2785 ex
952 2689 1003 2784 iia
1028 2711 1137 2818 apte
1172 2713 1219 2782 et
1259 2679 1503 2786 commod'e
1527 2685 1762 2817 -quispiam
1792 2711 1967 2816 partem

584 2869 790 3008 seligat,
833 2903 976 3006 quam
1010 2877 1168 2971 ceteris
1204 2867 1432 3002 praeferat
1445 2941 1465 2994 ,
1500 2875 1548 2972 itt
1580 2903 1669 3006 qua
1701 2903 1890 3004 operam
1919 2901 1968 2973 et

605 3059 868 3162 industriam
901 3059 1024 3160 suam
1060 3049 1267 3160 collocet.
1337 3055 1458 3162 Sunt
1494 3087 1654 3162 tamen
1688 3059 1966 3189 nonnullae,

608 3285 804 3386 quarum
836 3253 1033 3348 interior.
1067 3246 1304 3370 doctrina,
1337 3277 1434 3348 non
1466 3244 1645 3374 dicam,
1685 3247 1879 3350 utilitatis
1922 3281 1969 3350 et

606 3435 835 3544 suavitatis
870 3433 1032 3571 plena,
1085 3462 1133 3532 et
1165 3430 1297 3534 laude
1337 3431 1588 3572 dignisfima
1630 3431 1705 3552 stt;
1740 3431 1817 3536 serl
1856 3465 1967 3572 quar

604 3621 805 3764 attigitse
841 3653 1040 3758 praestet
1080 3621 1316 3724 liberaliter
1347 3619 1552 3746 instituto
1584 3619 1795 3748 homini,
1830 3656 1878 3728 et
1917 3631 1967 3728 itt

604 3815 697 3916 aliis
744 3811 980 3950 disciplinis
1017 3842 1130 3912 eum
1177 3809 1307 3912 laude
1364 3807 1528 3912 versari
1579 3816 1790 3944 cupienti.
1879 3811 1965 3918 Aa

602 4003 686 4112 har
733 4035 824 4104 una
876 4000 1236 4106 doctisfimotum
1287 4005 1487 4101 virorum
1539 3995 1826 4118 consentiens
1872 4031 1966 4124 vor

603 4194 746 4300 refert
786 4191 961 4316 iteras,
1001 4226 1119 4328 quae
1157 4189 1215 4302 ab
1251 4189 1528 4296 humanitate
1564 4219 1737 4296 nomen
1770 4187 1962 4316 habent,

1909 4407 1961 4478 at
