4886 6036
633 533 688 629 16
1045 529 1566 628 MATIO»

633 811 729 915 quo
763 809 927 914 magna
960 809 1056 880 erat
1093 775 1356 910 conjiciendi
1392 778 1650 900 temeritas,
1691 803 1852 912 neque
1869 777 1993 890 adno-

630 997 814 1068 natutae
835 965 1038 1092 scientia,
1057 971 1187 1066 certis
1222 963 1279 1066 ab
1302 969 1578 1100 experientia
1606 970 1801 1097 repetitis
1821 965 1986 1102 regalia

627 1151 928 1273 fundabatur3
979 1157 1072 1286 ejus
1118 1159 1253 1290 igitur
1301 1158 1367 1254 vis
1418 1183 1559 1286 quarn
1585 1149 1827 1262 ,clarisltme
1861 1181 1989 1253 nunc

627 1373 854 1471 cernatur,
889 1352 1093 1480 putetis,
1127 1340 1417 1468 Auditores,
1447 1374 1553 1446 cum
1587 1371 1748 1444 natura
1784 1338 1989 1454 observa·

625 1565 732 1660 tur,
779 1532 906 1636 factis
952 1534 1157 1672 periculis
1192 1537 1477 1670 exquiritur,
1519 1563 1564 1632 et
1598 1532 1705 1638 inde
1738 1563 1765 1632 a
1797 1529 1989 1644 Bacone

626 1719 959 1856 incomparabili
991 1721 1140 1846 Viro,
1186 1719 1433 1822 multorum
1477 1717 1723 1846 industria,
1759 1717 1989 1854 pluribus·

624 1942 715 2046 que
758 1941 974 2015 manuum
1017 1941 1072 2012 ac
1117 1905 1329 2012 sensuum
1374 1907 1644 2041 adjumentis
1681 1913 1985 2044 comparatis,

624 2131 692 2200 est
736 2096 977 2230 patefacta.
1065 2099 1183 2238 Quis
1230 2096 1409 2202 dubitet
1453 2101 1567 2234 quin·
1598 2103 1644 2198 in
1678 2097 1788 2204 illius
1825 2129 1986 2231 campo

621 2288 871 2388 humanum
905 2293 1137 2422 ingenium
1187 2293 1426 2413 exerceri,
1479 2319 1525 2389 et
1576 2295 1836 2424 cognitione
1893 2319 1988 2402 me,-

623 2475 905 2584 morabiliunr
940 2507 1092 2584 return
1128 2479 1249 2609 pasci
1281 2473 1456 2618 possiti
1534 2471 1675 2612 Quod
1699 2505 1837 2608 quam
1862 2470 1983 2582 bene

624 2671 736 2794 fiat,
791 2669 823 2770 fi
877 2701 936 2768 ex
991 2665 1217 2769 veteribus
1272 2695 1519 2802 nostroque
1572 2659 1723 2766 seculo
1748 2765 1757 2774 ,
1780 2659 1983 2780 adhibitia

622 2855 845 2990 exemplis
894 2887 1132 2994 exponere.
1179 2849 1428 2976 vellemus,
1469 2850 1728 2958 verendum
1776 2879 1872 2976 est,
1925 2880 1985 2968 ne

626 3081 722 3150 non
755 3043 886 3148 facile
915 3047 1092 3149 exitum
1126 3074 1277 3144 nostra
1310 3045 1452 3144 oratio
1487 3045 1729 3148 inveniret.
1801 3040 1984 3180 Omitto

623 3245 759 3371 igitur
791 3231 1041 3345 Thaletem
1076 3231 1339 3354 Milesrum,
1375 3229 1705 3356 Aristotelem,
1744 3225 1985 3348 Archime-

622 3425 731 3530 dem
766 3420 1134 3562 Syraculanum,
1169 3416 1348 3526 omitto,
1371 3417 1618 3530 Cattestum
1633 3493 1649 3543 ,
1685 3417 1982 3540 Limnaeum,

624 3617 957 3750 Newtonum,
1001 3617 1161 3717 omitto
1204 3639 1276 3714 tot
1310 3607 1431 3734 alia,
1466 3607 1626 3744 quibus
1660 3605 1855 3712 Graecia
1891 3621 1983 3712 tna·

625 3814 771 3934 xime,
806 3804 1019 3940 deinceps
1055 3801 1245 3926 Roma,
1277 3831 1332 3906 et
1360 3798 1481 3936 pulla
1505 3797 1652 3904 medii
1686 3804 1788 3900 aevi
1825 3795 1987 3908 barba·

624 4007 719 4126 tie,
765 3999 950 4136 Europa
978 3994 1149 4102 ·floruit
1183 3993 1404 4130 floretque
1440 3989 1508 4098 h'n
1543 3987 1856 4128 temporibus,
1913 3989 1985 4102 ca·

625 4191 772 4334 pinlia
821 4197 1035 4328 ingenim
1081 4221 1198 4332 quae
1240 4183 1408 4328 stogula
1441 4189 1488 4290 in
1523 4181 1812 4318 exploranda,
1828 4211 1982 4287 retunt

1903 4403 1981 4476 na·
