4886 6036
626 581 683 673 ῃ
912 557 1564 656 -oua'rlo

626 817 672 912 in
709 811 832 946 cujus
879 807 1031 912 locum
1074 843 1152 913 me
1208 810 1450 914 succedere
1503 809 1719 916 voluistis.
1811 811 1977 952 Itaque

625 997 801 1128 sentio,
829 999 930 1109 Viri
961 993 1244 1138 Amplissrmi'
1256 1079 1273 1130 ,
1309 1033 1377 1106 tot
1402 1031 1452 1104 et
1486 1033 1611 1108 tanta
1644 1005 1975 1108 munificentiae

624 1191 817 1298 Vestrae
854 1200 1105 1296 testimonia
1141 1203 1190 1297 in
1230 1226 1308 1297 me
1351 1192 1583 1322 conferri,
1619 1226 1671 1298 ut
1698 1229 1800 1297 mea
1826 1197 1977 1336 lingua

622 1413 719 1488 oon
776 1383 938 1487 habeat
985 1392 1236 1521 reperiatre
1290 1387 1460 1512 verba,
1510 1385 1674 1522 quibus
1726 1392 1843 1523 grati
1888 1393 1978 1487 mci

617 1578 758 1676 animi
827 1573 974 1678 sensus
1027 1574 1147 1677 bene
1193 1581 1433 1710 exprimat.
1504 1573 1599 1678 Sed
1636 1606 1738 1676 cum
1780 1607 1977 1710 praestet

618 1795 770 1898 gratus
813 1763 912 1864 esse
955 1795 1005 1864 re
1048 1795 1095 1864 et
1130 1762 1291 1889 sactis,
1329 1797 1469 1899 quam
1516 1763 1658 1864 videri
1705 1765 1883 1890 verbis,
1918 1763 1978 1864 fic

618 1950 812 2079 habete,
848 1948 1093 2054 Musarum
1135 1983 1389 2054 nostrarum
1416 1949 1684 2076 Praesrdcr‚
1744 1981 1822 2052 me
1859 1963 1977 2054 seta·

617 2173 712 2242 tem
749 2173 797 2242 et
843 2149 960 2244 vires
998 2173 1045 2242 et
1091 2173 1279 2258 omnem
1317 2173 1508 2278 operam
1552 2147 1613 2243 ita
1659 2147 1708 2242 in
1738 2141 1977 2248 cheminot

616 2359 665 2429 ct
724 2329 978 2431 Historiam
1035 2331 1284 2430 naturalem
1335 2329 1433 2429 esse
1498 2331 1797 2456 collaturum,
1825 2365 1900 2438 ut
1944 2329 1976 2432 fi

617 2517 710 2656 spei
756 2519 957 2628 Vestrae
1008 2523 1158 2619 minus
1212 2513 1494 2640 satisfecero,
1530 2513 1813 2618 veluntatem
1854 2553 1976 2622 certe

613 2739 766 2813 meam
810 2739 857 2810 et
893 2706 1171 2846 diligentiam
1222 2703 1369 2812 Vobis
1405 2700 1614 2841 probem.

611 2953 616 2961 ·
682 2899 824 3000 Certe
864 2923 1303 3014 autumnum,
1338 2891 1430 2997 Vir
1467 2891 1751 3018 Clarisfime,
1799 2900 1974 3030 quoties

614 3092 767 3223 cogito
833 3081 1059 3221 praeclara
1108 3081 1224 3188 Tua
1277 3085 1324 3182 in
1376 3077 1496 3182 hanc
1536 3081 1777 3188 Musarum
1817 3083 1975 3190 sedem

606 3282 803 3398 merita,
838 3280 972 3372 toties
1007 3301 1084 3368 me
1127 3269 1331 3404 quodam
1376 3249 1565 3371 horrore
1602 3275 1765 3405 corripi
1800 3269 1945 3376 sentio
1957 3349 1973 3398 ,

613 3469 695 3600 qui
739 3495 765 3564 a
807 3457 891 3564 Te
933 3457 1136 3564 relictam
1180 3461 1462 3594 provinciam
1514 3455 1755 3593 capessam.
1836 3461 1973 3601 Quae

608 3659 801 3782 merita,
850 3650 1077 3788 Turaque
1135 3653 1308 3788 ingenii
1361 3652 1593 3787 animique
1633 3649 1762 3754 dotes
1804 3654 1973 3758 rdiam

610 3839 1121 3968 commemorarem
1165 3837 1571 3952 commemorando
1613 3838 1817 3976 mguari
1858 3840 1973 3948 Tuo

610 4035 772 4174 pudori
794 4067 848 4137 ac
868 4031 1166 4138 verecundiae
1206 4037 1276 4136 vis
1320 4025 1566 4134 afferretur.
1639 4027 1824 4140 Verum
1869 4067 1973 4139 eum

609 4229 667 4330 ad
717 4225 1023 4330 doctrinarum
1067 4227 1337 4358 virtutisque
1381 4221 1552 4324 cultum
1597 4219 1793 4340 merirum
1826 4225 1974 4330 valeat

1911 4411 1975 4517 sa·
