4886 6036
897 563 1428 672 ORATIO.
1770 583 1827 686 '33

443 827 706 966 utriusque
761 833 1006 968 imaginem
1040 826 1085 932 -fi
1115 859 1417 966 quaeramus,
1454 821 1662 928 eamdem
1709 815 1834 925 inve·

471 1024 660 1122 niamus.
753 1019 926 1156 Turpis
980 1051 1047 1122 est
1102 1050 1149 1120 et
1194 1014 1408 1118 deformia
1466 1019 1596 1140 irati,
1678 1017 1830 1147 ignaui

472 1205 644 1310 vuitus:
679 1213 890 1343 propitii,
926 1207 1088 1336 fortis,
1136 1237 1278 1344 quarn
1319 1198 1468 1340 placet
1522 1233 1569 1302 et
1616 1197 1832 1300 honestus

472 1427 587 1500 estt‘
678 1395 833 1536 Quam
910 1405 1128 1500 virtutum
1202 1402 1507 1531 vitiorumque
1589 1397 1832 1530 imaginem

470 1614 568 1684 tam
606 1589 760 1687 vivam
809 1592 1002 1722 inprimit
1061 1592 1108 1686 in
1159 1583 1288 1686 vultu
1331 1589 1534 1708 animus,
1589 1613 1638 1681 ut
1697 1587 1833 1683 etiam

473 1800 678 1872 mortuus
713 1779 842 1875 istam
878 1777 1112 1906 exprimatt
1150 1833 1154 1840 ·
1183 1773 1436 1910 Legimus,
1477 1769 1713 1870 horrorem
1742 1769 1831 1870 forz

470 1954 783 2093 midinemque
843 1955 1102 2059 visentibus·
1138 1955 1365 2059 incussisse
1415 1957 1650 2060 horrentes
1686 1961 1832 2094 rigen-

471 2177 629 2282 tesque
668 2145 822 2250 oculos
873 2152 1063 2282 turpiter
1113 2151 1343 2281 pereuntis
1389 2145 1620 2272 Neronis,
1651 2171 1704 2246 ut
1744 2159 1834 2247 t'ur·

467 2334 642 2470 pissrme
667 2401 670 2408 ·
697 2341 896 2439 vixerat:
946 2335 1124 2436 hostem
1184 2366 1297 2437 vero
1343 2333 1575 2470 Pyrrhum
1629 2332 1811 2436 iaudass
1821 2325 1825 2332 ’

471 2520 724 2626 occisorum
753 2591 758 2598 -
784 2525 1112 2628 Romanorum
1165 2522 1371 2646 vultum,
1430 2524 1509 2654 qui
1559 2553 1642 2654 pro
1690 2529 1830 2656 patria

468 2711 642 2814 sortiter
696 2741 954 2847 pugnantes
996 2709 1349 2812 honestissnnam
1381 2740 1582 2812 mortem
1624 2721 1832 2850 oppetiisss

470 2899 598 3024 sent,
655 2929 796 3036 atque
846 2895 1036 3018 dixisse,
1096 2897 1213 3025 „se
1257 2904 1392 3028 totius
1434 2899 1553 3002 orbis
1595 2901 1831 3004 dominum

469 3155 506 3218 5,
537 3086 636 3205 osse
672 3085 897 3221 potuisse,
932 3085 963 3186 sr
1010 3085 1122 3186 tales
1162 3083 1241 3188 iibi
1261 3088 1443 3190 milites
1489 3089 1832 3230 contigissentl’,

536 3275 700 3411 Atque
764 3281 822 3374 ita
845 3341 849 3350 -
875 3303 1061 3408 apparet
1122 3281 1300 3410 generis
1366 3274 1555 3384 humani
1610 3279 1855 3386 ductoris¹

469 3463 678 3602 sapientia
714 3491 760 3563 et
808 3461 1111 3566 benivolentia
1122 3539 1140 3591 ,
1179 3471 1259 3600 qui
1294 3463 1424 3568 nobis
1440 3533 1444 3538 -
1461 3470 1635 3572 vultum
1671 3470 1827 3602 dedit,

469 3657 549 3793 qui
608 3656 744 3754 animi
793 3647 944 3754 sensus
964 3715 968 3726 ·
989 3651 1178 3782 indicat,
1227 3684 1275 3756 et
1318 3655 1476 3758 oculos
1521 3665 1598 3797 qui
1641 3665 1830 3766 virtutes

467 3851 657 3948 ervitio
697 3873 1003 3982 cognoscunt:
1052 3877 1102 3946 ut
1165 3843 1373 3950 videntes
1429 3849 1599 3955 iliarum
1638 3845 1829 3990 pulchri-²

467 4031 695 4170 tudinem,
717 4029 847 4167 hujus
876 4066 1031 4138 amore
1060 4035 1222 4138 incensi
1251 4037 1504 4144 coleremus
1526 4075 1600 4146 eas
1624 4042 1826 4174 ,horum

467 4253 577 4374 vero
619 4221 949 4328 deformitatem
990 4232 1069 4329 ista
1113 4231 1368 4332 vitaremus.
1913 4213 1919 4224 ’

1126 4407 1170 4510 Ε
1738 4337 1828 4524 Ito
