4886 6036
899 554 1424 670 onnrro
1597 666 1604 680 ‚
1810 585 1838 672 9

484 813 617 950 digna
654 802 910 912 exciderint.
983 801 1042 908 In
1072 803 1246 914 Vestro
1287 807 1421 942 igitur
1453 801 1611 905 favore
1641 805 1840 938 requies·

483 1032 593 1120 cens
616 997 687 1118 ¹nd
717 993 849 1128 hujus
885 999 1098 1096 orationis
1141 992 1419 1128 proposrtum
1450 991 1661 1119 festinare
1699 990 1836 1119 malo,
1935 1045 1941 1062 ·

483 1225 624 1330 quam
672 1187 891 1298 Vestram
934 1184 1206 1308 audientiam
1260 1185 1409 1306 multis
1458 1182 1675 1321 rogando
1701 1179 1843 1308 uideri

485 1415 562 1488 aut
609 1379 666 1482 de
718 1375 792 1480 illa
846 1374 1082 1502 dubitare,
1117 1403 1194 1476 aut
1236 1373 1548 1477 abstrufiorem
1583 1378 1842 1509 quempiam

483 1573 722 1688 doetrinae¹
790 1563 1000 1706 physicae
1059 1567 1242 1696 locum,
1316 1575 1604 1704 intentasque
1649 1595 1844 1688 ¹mentes

484 1761 542 1876 ad
581 1758 926 1893 intelligentiam
972 1764 1318 1888 requirentem,
1384 1786 1659 1891 pertractare
1707 1753 1843 1866 velle.

484 1949 539 2066 A
572 1979 666 2086 quo
702 1941 881 2047 consrlio
913 1939 1191 2070 abhorrens,
1226 1943 1372 2084 delegi
1397 1975 1720 2084 ,argumentum
1742 1975 1847 2080 per·

486 2168 752 2276 uagatum,
792 2165 838 2234 et
898 2131 1061 2248 dicam,
1096 2131 1155 2232 de
1206 2163 1424 2252 ,naturae
1478 2135 1848 2274 contemplatore

487 2355 586 2434 tum
622 2325 753 2460 sui,
819 2351 917 2424 tum
951 2321 1102 2424 alieni
1137 2325 1362 2434 commodi
1397 2320 1641 2455 orbature.
1706 2325 1849 2460 ,Quae

486 2543 643 2622 tumen
701 2515 910 2615 materies
959 2539 1007 2608 et
1053 2518 1231 2626 muneri
1286 2513 1414 2648 quod
1477 2514 1697 2652 suscipio,
1745 2545 1851 2630 con·

487 2703 698 2818 [cotanen
749 2730 850 2826 est,
908 2731 984 2827 et,
1033 2731 1084 2801 ut
1131 2697 1288 2837 spero,
1325 2701 1476 2809 Vobis
1526 2738 1621 2812 non
1663 2705 1846 2841 prorsus

489 2903 665 3032 ingrata
718 2921 854 3025 atque
908 2888 1083 3008 inutilis.
1159 2889 1334 3026 Quodsi
1386 2901 1508 2994 enim
1567 2895 1844 3028 exposuero,

486 3109 677 3216 naturae
705 3073 1137 3208 contemplationem
1174 3081 1410 3217 ingenium
1431 3079 1563 3192 ,alere
1573 3159 1591 3210 ,
1626 3089 1843 3194 animum.

487 3303 584 3408 que
615 3267 818 3376 imbuere
849 3263 1171 3390 humanissrmis
1206 3263 1444 3390 sens1bus3¹
1461 3271 1666 3406 ssporro
1699 3305 1848 3384 exem·

488 3465 571 3600 plis
619 3457 894 3586 ostendero,
929 3489 986 3560 ex
1034 3455 1206 3566 eadem.
1233 3459 1306 3564 illu
1344 3467 1391 3564 in
1422 3467 1562 3590 uitam
1603 3462 1849 3570 humanam

489 3652 743 3756 redundare
783 3649 1054 3754 utilitatem:
1092 3653 1171 3784 qui
1214 3644 1320 3752 huic
1366 3649 1514 3756 studIo
1560 3653 1606 3787 se
1655 3651 1847 3764 nauide

488 3847 605 3968 rint,
661 3838 752 3944 hoc
807 3837 1037 3942 ardentius·
1097 3834 1349 3960 amabunt.;
1386 3874 1447 3950 et
1472 3840 1617 3984 ,forte
1654 3838 1849 3954 obieri
1931 3947 1934 3954 .

487 4025 613 4136 idem
683 4025 881 4132 studium
944 4021 1273 4136 excitabuntur<
1520 4045 1568 4136 ;’,
1630 4123 1636 4134 .
1689 4075 1712 4132 1.
1779 4129 1784 4136 .
1832 4049 1838 4138 ζ
