4886 6036
907 579 1434 676 onusto
1791 607 1844 696 43

491 833 694 972 rapientis
731 837 846 963 viri,
881 863 1118 971 tamquam
1144 831 1437 941 admonitoris
1475 861 1520 932 et
1554 827 1849 949 adhortatorie

490 1057 610 1152 vox,
647 1054 694 1126 et
730 1056 897 1160 magna
934 1022 986 1124 stt
1005 1023 1226 1158 :exempli
1261 1027 1330 1124 vis
1365 1049 1506 1158 atque
1543 1025 1814 1156 praestantia
1828 1062 1841 1136 ;

488 1213 575 1322 Tu
617 1211 727 1318 mihi
761 1213 830 1318 illa
876 1213 1163 1318 humanitatis
1200 1245 1246 1316 et
1276 1211 1441 1316 favoris
1473 1209 1621 1317 officia
1647 1241 1846 1350 praesta:

488 1435 581 1542 ego
637 1403 719 1508 Te
771 1405 1013 1532 intuebor,
1070 1405 1236 1512 Tuum
1290 1401 1576 1506 scientiarum
1617 1432 1849 1526 amorem,

488 1625 559 1726 et,
587 1599 636 1697 in
688 1593 862 1696 labore.
895 1593 1177 1732 suscipiendo
1225 1623 1365 1731 atque
1396 1589 1678 1730 ‚perficiendo
1711 1594 1850 1698 animi

490 1789 587 1922 vitu
620 1811 669 1885 et
703 1783 1017 1890 constantiam.

503 2047 513 2070 .
560 1970 737 2110 Quodst
760 2001 871 2074 tuuc
906 1969 1064 2076 uidear
1093 1973 1344 2110 proficere,
1376 1970 1468 2074 hoc
1494 2003 1636 2074 omne
1655 2001 1732 2073 me
1772 1968 1849 2072 de*

489 2162 600 2270 bere
623 2161 886 2266 existimabo
922 2162 1156 2298 praeclaris
1187 2161 1350 2300 quibus
1379 2158 1480 2264 usus
1518 2157 1647 2289 sum,
1683 2157 1849 2266 iustitu-

488 2349 684 2452 tionibus
733 2353 1091 2485 Praeceptoruna
1155 2381 1383 2454 meorum.
1475 2349 1686 2485 Quarum
1743 2377 1851 2450 cum

488 2537 599 2640 mihi
628 2565 677 2638 et
725 2539 1076 2674 saepenumero,
1111 2566 1158 2638 et
1194 2541 1395 2672 inprimis
1430 2533 1664 2651 hodierno
1690 2534 1763 2636 die
1799 2534 1854 2636 fir

483 2725 800 2862 jucundissima
839 2723 1123 2847 recordati03
1155 2753 1251 2860 quo
1297 2721 1395 2830 satis
1429 2730 1504 2860 pie
1537 2755 1679 2862 atque
1700 2721 1850 2828 sancte

481 2919 581 3049 jam
639 2915 854 3018 recorder
897 2919 1169 3020 memoriam
1229 2917 1386 3049 magui
1423 2911 1558 3039 Viri,
1613 2945 1704 3018 nec
1740 2913 1849 3018 bne

488 3105 697 3242 lacrymis
724 3101 1015 3229 nominandi,
1051 3101 1448 3204 sussurrant
1522 3101 1699 3238 Quibus
1728 3109 1849 3210 eninr

490 3325 577 3398 me
616 3299 866 3432 praeceptis
895 3322 944 3393 et
981 3291 1210 3428 discipiina
1251 3289 1635 3413 conformaverit3
1686 3293 1849 3432 quibua

490 3483 679 3608 oonsrliis
746 3489 1019 3622 monitisque
1077 3479 1339 3604 instituerim
1404 3513 1495 3616 qut
1558 3489 1851 3588 caritatem

395 3819 398 3828 ι
489 3682 766 3820 benignitate
830 3675 1091 3814 complexus
1141 3671 1306 3798 fuerit,
1383 3705 1480 3776 uon
1527 3673 1708 3810 pessum
1762 3678 1851 3778 aio

490 3867 583 4006 qrb.
656 3866 820 3982 Sentio
876 3899 955 3970 me
1009 3862 1308 3976 vehementer
1363 3874 1647 3970 commoveri
1688 3865 1851 3978 studio·

494 4087 594 4160 rum
636 4085 855 4159 meorum
909 4055 1035 4162 ducis
1074 4085 1123 4156 et
1168 4060 1360 4162 auctoris
1409 4051 1637 4162 deiiderio.
1678 4059 1852 4194 Cujus

493 4243 846 4358 excatarissasti
890 4239 995 4352 Viri
1042 4248 1258 4370 virtutes,
1317 4272 1464 4374 quum
1522 4243 1710 4382 suspicio
1726 4323 1744 4374 ‚
1802 4279 1852 4353 ut

1124 4429 1165 4531 F
1206 4461 1234 4528 2
1785 4432 1850 4533 so·
