4886 6036
936 557 1455 666 assata
1807 587 1862 676 45

517 853 722 958 unquam
756 819 1026 924 :dedecoris
1084 851 1292 924 esame
1335 821 1502 956 tapies
1548 815 1864 924 <Athenaeum

510 1009 705 1116 illusae.
799 1011 959 1150 Agam
1012 1005 1181 1114 lmcere
1241 1005 1395 1116 Voltis¹
1430 1011 1593 1146 gratias
1650 1005 1864 1142 Collegae

489 1205 691 1338 viatttjam
724 1196 1118 1334 Cottjunetlsstmi,
1154 1197 1282 1335 quod
1320 1231 1403 1308 me
1426 1205 1480 1306 itt·
1504 1197 1723 1306 Vestrum
1751 1197 1867 1304 ordi·

505 1427 736 1498 maantam
758 1391 980 1498 benivole
999 1395 1240 1526 recepistis.
1310 1386 1555 1494 Admittite
1582 1423 1657 1493 me
1679 1419 1866 1530 quoque

508 1585 720 1688 lubentes
759 1577 949 1722 quaeso:
974 1579 1031 1684 atl
1076 1579 1290 1688 Vestram
1332 1584 1548 1684 amicitiae
1590 1577 1862 1686 societatem

514 1773 747 1910 Equidem
800 1771 949 1878 Vobis
1013 1769 1161 1872 debita
1225 1775 1506 1878 reverentiae
1564 1801 1611 1870 et
1661 1761 1866 1906 obsequii

503 1962 660 2064 -officia
688 1961 925 2098 -pmesmbo
938 2001 956 2080 ;
978 1959 1079 2068 Vos
1111 1989 1163 2060 ut
1205 1991 1280 2062 mc
1321 1957 1497 2070 Vestris
1527 1959 1705 2092 juvate·
1722 1959 1865 2065 velitis

505 2151 699 2256 eanstliis
732 2157 874 2254 enixe.
896 2181 1031 2290 rogo.

501 2395 529 2434 ·.
581 2341 871 2444 Taattt'em
928 2335 1038 2441 mihi
1093 2339 1363 2442 nominatim
1411 2335 1748 2474 compellandus
1786 2369 1863 2464 cs,

504 2541 1083 2650 'ataa·ana'vaotatt,
1114 2525 1205 2630 Vir
1240 2523 1575 2628 Celeberrime!
1623 2525 1862 2653 Favendo,

502 2717 745 2826 monendo
777 2718 869 2820 letti
910 2745 959 2818 et
994 2713 1200 2852 absterge
1230 2747 1387 2824 meum
1422 2717 1628 2826 dolorem
1660 2755 1717 2824 ex
1738 2721 1864 2828 obita

510 2907 857 3014 defidemtisfimi
882 2905 985 3014 Viti
1020 2935 1377 3032 statuamus,
1406 2906 1545 3014 soceri
1584 2909 1714 3040 Tui,
1761 2941 1863 3050 pet·

509 3129 709 3232 ceptum.
779 3091 885 3232 Ego
913 3065 1194 3194 observantia
1229 3123 1336 3230 erga
1357 3091 1439 3196 Te
1474 3125 1575 3198 utat
1616 3133 1669 3200 ea
1682 3127 1705 3225 ,·
1722 3129 1862 3234 quam

500 3285 657 3390 'debeo
688 3283 840 3411 Vim,
883 3311 1030 3384 aetate
1078 3311 1124 3382 et
1160 3279 1368 3388 doctrina
1396 3317 1472 3388 me
1503 3287 1642 3428 longe
1673 3287 1863 3430 superio·
1974 3353 1980 3364 ·

508 3485 563 3602 ti,
588 3479 760 3612 quique
780 3471 911 3608 hujus
931 3469 1164 3578 Athenaei
1193 3471 1496 3578 celebritatem
1518 3483 1697 3616 triginta
1716 3477 1862 3586 ferme

497 3697 647 3768 annos
668 3695 761 3766 tam
807 3671 969 3766 eximie
1010 3659 1226 3768 sustinuit.
1296 3661 1413 3774 Tibi
1447 3667 1860 3798 vero,Clatiss1me

505 3887 622 3957 tou
641 3885 743 3980 aa,
795 3885 871 3954 me
923 3855 1073 3993 jungit
1130 3883 1179 3955 et
1230 3861 1545 3968 communium
1600 3887 1860 3974 nostrorum

498 4041 754 4160 lludiotum
805 4047 917 4148 tatio
965 4073 1014 4144 et
1055 4049 1264 4184 cognitus
1304 4045 1419 4156 usus.
1490 4047 1674 4190 Magna
1710 4061 1858 4156 estin

498 4241 705 4374 -attitque
736 4240 803 4339 vis
836 4233 985 4368 pollta.
1004 4235 1061 4340 ad
1092 4234 1291 4346 fructum
1321 4271 1371 4345 et
1388 4241 1682 4383 voluptatem
1705 4253 1854 4354 vittas

1129 4425 1245 4568 Μ
1759 4441 1857 4578 qtti·
