4886 6036
888 589 1409 704 ouATJO·
1767 610 1820 694 σε

473 845 764 982 multumque
796 839 852 946 ab
886 835 1248 944 inundationibus
1284 865 1332 938 et
1366 833 1576 968 incendio
1611 866 1823 944 mutatam

473 1065 660 1140 terrama
704 1033 873 1168 Atque
901 1027 1016 1136 haee
1049 1027 1254 1134 universa
1298 1032 1494 1130 excitant
1535 1023 1825 1163 indagantem

473 1255 571 1334 nun
597 1220 740 1328 solum
787 1219 844 1326 ad
879 1219 1173 1326 noscendam·
1200 1215 1485 1354 praesentem
1526 1215 1688 1320 domus
1720 1211 1825 1317 suae

472 1411 709 1539 formam,
737 1407 825 1512 ¹sed
875 1439 923 1510 et
974 1409 1031 1512 ad
1072 1413 1360 1546 praeteritam
1385 1435 1450 1508 et
1492 1404 1692 1512 futuram
1732 1437 1828 1510 non

473 1607 650 1736 penitus
680 1597 1015 1737 ignorandum„
1050 1594 1202 1733 quue
1242 1630 1300 1698 eo
1342 1604 1514 1734 magis,
1581 1603 1827 1734 quoniam,

473 1793 597 1894 ocuti
618 1797 664 1894 in
688 1788 885 1890 humana
925 1793 1018 1910 vita
1054 1795 1251 1888 maxime
1289 1797 1514 1915 cernitur,
1551 1796 1609 1888 ita
1650 1797 1698 1892 in
1733 1819 1829 1890 tota

470 2037 527 2108 ·„.
547 1983 706 2084 natura
737 1980 972 2113 praeterita
1014 1973 1324 2114 praesentibus
1355 2005 1599 2080 nectuntur
1637 2007 1684 2078 et
1699 2011 1832 2118 ..prae-

471 2187 514 2300 =¹„
547 2169 666 2272 lens'
688 2197 809 2270 aetas
852 2169 1038 2304 parturit
1081 2161 1361 2269 fututam&
1411 2165 1517 2270 Nec
1571 2198 1724 2278 tamen
1768 2167 1830 2272 de

475 2359 609 2462 rebus
630 2363 839 2496 magnia-
860 2389 906 2457 et
948 2353 1130 2458 occultis
1169 2388 1343 2456 temere
1389 2353 1619 2489 judicium
1651 2352 1827 2482 effutit3

470 2574 541 2676 et.
560 2551 669 2648 certi
698 2543 810 2680 quid
840 2547 1112 2678 pronuntiat.
1184 2539 1340 2644 Evitat
1375 2539 1584 2644 inductas·
1602 2547 1653 2670 in¹
1678 2541 1831 2670 hanc,

472 2732 615 2834 forte.
636 2737 770 2836 etiam
831 2737 879 2834 in
933 2729 1035 2832 alias
1086 2727 1335 2866 disciplinas
1348 2805 1365 2857 ,
1400 2737 1673 2865 opiniones,
1710 2733 1831 2838 unde

473 2931 682 3034 omnium
724 2953 895 3026 tetum·
914 2929 1027 3026 ratio
1070 2902 1287 3024 reddatur
1307 2961 1332 3068 33
1383 2919 1461 3024 led
1507 2922 1831 3057 probabiliter

476 3112 721 3218 uerlsrnrilla
767 3141 1018 3248 quaerens,
1075 3107 1323 3243 prudenter
1365 3115 1429 3230 in
1460 3117 1632 3250 origine
1678 3145 1830 3219 rerum

475 3298 648 3439 defiget
702 3297 947 3401 'oculorum
1009 3302 1272 3436 ingeniique
1297 3312 1303 3322 '
1328 3305 1504 3422 aciem;
1538 3301 1831 3439 adquorum

415 3499 423 3514 '
474 3489 818 3628 intelligentiam
861 3517 967 3590 cum
994 3492 1298 3622 pervenerit,
1331 3484 1422 3588 lroc
1456 3495 1654 3592 maxime
1696 3481 1833 3594 admi·

476 3709 635 3808 retur,
683 3754 724 3807 ‚‚,
763 3673 1137 3782 e·viciss1tudine
1188 3707 1429 3814 corporum
1476 3677 1641 3782 telluris
1692 3687 1832 3784 conti.-

478 3933 518 3996 ,-‚
552 3875 682 3974 nutri
728 3863 983 3972 naturam.'.'
1773 3861 1778 3870 “

475 4117 482 4134 ·
523 4057 624 4190 „Ne
667 4085 822 4174 tamen
864 4057 1031 4162 credite
1064 4057 1313 4164 Auditores
1326 4137 1344 4188 ,
1378 4059 1671 4167 insatiabilem
1712 4064 1831 4168 illam

479 4247 798 4352 admirabilium
852 4277 1004 4352 rerum
1061 4255 1326 4352 varietatem
1367 4283 1523 4355 unam
1566 4254 1643 4356 ad.
1668 4253 1833 4364 teutria

1126 4443 1180 4553 D
1741 4479 1835 4546 tex·
