4886 6036
877 555 1482 650 GRATim
1767 583 1823 671 at

479 857 482 867 ·
537 807 725 919 Vellem
774 807 962 950 quidem
1010 805 1162 936 hunc,
1220 807 1279 912 ad
1310 805 1511 912 fructum
1545 805 1822 912 uberrimum

463 1001 618 1104 iocum
653 1001 908 1140 explicare,
962 1029 1011 1103 et
1053 1033 1163 1140 quas
1196 1001 1397 1138 pluribus
1430 1000 1602 1104 anibus'
1627 1029 1822 1138 praestet

465 1187 657 1296 Chemit
691 1223 738 1295 et
774 1193 978 1298 Historia
1011 1193 1221 1297 naturalis
1234 1269 1252 1322 ,
1309 1193 1549 1298 ostendere
1584 1194 1822 1318 utilitates,

462 1381 544 1489 nist
563 1385 660 1517 jam
695 1381 804 1487 mihi
836 1381 999 1486 harum
1032 1384 1313 1489 scientiarum
1350 1385 1551 1526 quotidie
1586 1381 1824 1490 laudanda-

398 1631 401 1638 ·
465 1601 568 1674 tum
591 1570 777 1675 facultas
801 1573 949 1676 oblata
985 1572 1101 1676 esset
1127 1575 1391 1680 suavissima.
1466 1579 1624 1718 Quam
1645 1573 1824 1678 faculta-

460 1791 561 1862 rem
572 1835 589 1889 ,
608 1793 719 1862 cum
730 1760 899 1868 Vestra
911 1837 928 1890 ,
947 1763 1225 1901 Amplisfimi
1248 1764 1380 1900 hujus
1403 1771 1589 1874 civitatis
1599 1762 1825 1868 Consules

462 1984 514 2054 et
536 1949 771 2058 Athenaei
786 1951 1058 2084 Curatores,
1081 1961 1317 2057 auctoritas
1345 1953 1454 2058 mihi
1475 1954 1703 2082 tribuerit,
1725 1985 1823 2058 non

464 2139 816 2270 consuetudine,
834 2139 914 2246 sed
943 2139 1125 2272 officio,
1146 2175 1278 2284 grato
1306 2143 1381 2247 illo
1397 2175 1445 2245 et
1466 2141 1666 2270 decoro,
1687 2141 1822 2246 addu-

464 2359 579 2456 cor,
600 2361 653 2430 ut
678 2331 784 2440 Vos
819 2331 970 2434 debita
1000 2339 1249 2436 reverentia
1279 2333 1564 2476 compellem.
1608 2333 1822 2436 Omnino

457 2521 562 2628 ,tuis
598 2551 653 2623 ae
685 2523 833 2622 tanta
856 2551 964 2658 erga
991 2552 1070 2622 me
1121 2519 1454 2624 benivolentiae
1487 2519 1683 2626 Vesttae
1720 2521 1823 2624 dam

467 2740 535 2812 ert
570 2703 857 2845 fignificatio,
911 2737 961 2806 ut
993 2739 1154 2843 parum
1197 2707 1405 2810 dicamst
1452 2708 1665 2844 profitear-
1677 2785 1694 2837 ,
1745 2741 1821 2830 me

464 2897 818 3034 inperpetuum
850 2895 1007 3002 Vestri
1038 2895 1246 3000 beneficii
1282 2903 1550 3002 memoriam
1578 2899 1671 2998 ease
1710 2929 1823 3000 con-

463 3089 754 3192 servaturum.
824 3081 1114 3187 Provinciam
1145 3082 1263 3186 'mihi
1295 3087 1596 3220 mandastiaj
1620 3087 1824 3194 tradendi

465 3279 661 3380 scientias
672 3281 697 3402 ',
738 3303 928 3408 quarum
958 3305 1112 3374 amore
1148 3269 1316 3411 flagm3
1352 3307 1380 3374 e
1416 3275 1579 3411 quibus
1611 3275 1643 3378 st
1678 3309 1823 3384 mntot

341 3525 343 3532 s
466 3467 636 3573 Vestra
681 3469 833 3566 civitas
887 3467 1099 3598 percipiat
1155 3459 1355 3589 fructus,
1390 3495 1582 3599 quantos
1609 3496 1658 3564 et
1684 3461 1823 3600 possit

466 3685 516 3758 et
538 3655 687 3758 'velim
704 3689 732 3781 ,‘
766 3655 1004 3792 voluptatis
1050 3653 1290 3758 cumulum
1320 3651 1425 3761 huic
1473 3663 1601 3758 meae
1636 3658 1824 3760 laetitiae

456 3845 693 3952 accesisse·
721 3847 923 3951 arbitrer.
993 3845 1131 3954 Nunc
1156 3845 1386 3986 gaudium:
1403 3883 1559 3956 meum
1586 3851 1824 3958 conturbat

467 4067 565 4143 tunt
609 4039 766 4142 ardui·
800 4041 926 4179 quod
987 4033 1218 4175 suscipio‚·
1261 4049 1407 4179 operis
1463 4051 1823 4184 contemplatio,

463 4227 566 4342 tum
586 4234 828 4366 cogitatio:
854 4227 1148 4333 celeberrimi
1190 4229 1325 4362 von·
1373 4241 1822 4360 natumnatum,

499 4419 504 4426 ’
1140 4417 1183 4522 Ρ
1774 4433 1826 4530 in
