4886 6036
904 545 1425 640 ORATIO.
1784 568 1837 666 39

484 826 562 896 res
619 797 844 898 montium
881 801 1016 900 rumis
1054 799 1295 933 opprimat.
1380 795 1528 933 Atqui
1580 797 1626 898 in
1676 791 1843 897 intinnis

491 1015 636 1086 tetrae
692 983 932 1090 visceribus
988 985 1210 1121 plurimae
1269 1017 1341 1088 res
1382 983 1630 1088 utilissimae
1664 985 1845 1109 latent,¹

492 1205 611 1310 quae
660 1173 718 1274 ud
756 1170 887 1276 usum
927 1171 1173 1277 huminum
1220 1205 1377 1304 ortae,
1420 1171 1680 1278 effodiendo
1722 1203 1846 1274 cum·

490 1393 715 1496 parantur.
804 1363 978 1466 Latent
1029 1395 1245 1502 gemmae
1300 1395 1347 1464 et
1404 1395 1563 1466 mrum
1575 1403 1590 1484 ;
1648 1392 1700 1462 et
1751 1384 1843 1498 qun

491 1583 608 1658 term
656 1551 901 1691 subigitur,
956 1585 1013 1662 ut
1055 1555 1218 1658 semen
1271 1561 1501 1692 excipiat,
1545 1587 1599 1656 et
1636 1551 1846 1691 sparsum

493 1777 704 1870 occatur,
740 1773 791 1844 et
830 1738 958 1882 seges
1002 1719 1209 1872 suuntur}
1240 1741 1438 1863 fetrum3
1461 1737 1680 1845 effoditur.
1711 1749 1846 1846 etiam

490 1967 692 2040 marmor
709 2009 734 2062 ,.
784 1967 811 2036 e
863 1967 959 2074 quo
1016 1934 1074 2038 ad
1120 1937 1515 2073 praedicationem
1562 1940 1736 2039 virtutis
1783 1935 1844 2039 de

494 2133 632 2262 patrie
668 2155 717 2228 et
762 2126 897 2228 literis
942 2125 1063 2232 bene
1098 2131 1268 2228 meritis
1302 2126 1478 2230 civibus
1523 2125 1698 2228 statuae
1733 2157 1850 2231 cun·

492 2317 745 2418 stituuntur.
814 2315 1071 2452 Anigimus
1104 2314 1450 2451 agriculturam,
1467 2312 1606 2416 sillam
1635 2315 1848 2418 ubertatis

491 2535 628 2640 atque
674 2499 958 2603 humanitatis
1003 2529 1055 2604 et
1108 2505 1456 2635 procreatricem
1509 2532 1556 2602 et
1613 2501 1848 2606 conservas

494 2689 668 2794 tricem.
734 2688 897 2828 Quam
941 2683 1156 2788 lubenter
1208 2683 1569 2790 demonstrarem
1581 2763 1598 2815 ,
1645 2690 1675 2792 st
1717 2690 1848 2830 huju
1977 2707 1980 2714 “

496 2880 635 2981 horae
697 2879 934 3016 angustiae
985 2873 1216 3004 linerent,
1272 2875 1520 2985 Romanos
1568 2879 1699 2982 valde
1745 2907 1849 3017 pto·

495 3061 693 3170 movisse
748 3057 1037 3164 conferendo
1083 3067 1130 3164 in
1183 3093 1287 3164 eam
1342 3063 1467 3168 suam
1512 3095 1698 3174 naturae
1738 3071 1852 3175 doe·

496 3262 692 3370 trinam3
763 3248 1103 3384 eamdemque,
1176 3281 1423 3388 postquam
1488 3253 1568 3358 diu
1640 3261 1861 3396 neglecta

491 3449 692 3580 iacuerat
708 3515 729 3566 ,,
782 3443 945 3542 renatis
1004 3434 1193 3542 scientiis
1206 3513 1223 3565 ‚
1272 3469 1401 3543 tanto
1468 3441 1566 3577 plus
1628 3447 1848 3579 valuisse,

499 3661 675 3772 quantu
734 3631 758 3730 l.
776 3638 887 3732 eis
959 3625 1081 3763 ipsae
1133 3623 1341 3732 scientiae
1399 3627 1630 3738 florerent.
1716 3637 1849 3744 Huic

497 3832 629 3962 igitur
672 3818 1005 3960 agriculturae,
1047 3819 1143 3950 jam
1187 3847 1286 3920 tuta
1333 3816 1536 3958 physrces
1568 3823 1670 3926 luce
1716 3829 1852 3934 colu

498 4015 698 4136 stratas,
748 4008 870 4112 idem
925 4005 1124 4146 Davyus
1167 4003 1288 4110 suam
1333 4041 1477 4113 artem
1518 4011 1706 4120 feliciter
1746 4051 1850 4126 cons

500 4204 715 4329 secrevit,
751 4225 919 4336 putans
961 4193 1132 4326 credo,
1165 4227 1312 4336 quum
1346 4231 1493 4305 venne
1538 4205 1717 4312 undem
1747 4209 1854 4315 defi-

1642 4473 1645 4480 ·
1738 4430 1851 4506 nant
