4886 6036
596 533 730 684 ’.ς’
860 595 872 608 ·
1022 571 1543 670 vantra

597 818 751 946 inico,
808 851 854 923 et
899 827 1070 953 miror,
1107 855 1225 928 mm
1277 827 1373 962 jam
1434 829 1648 964 magistro
1705 855 1825 928 meo·
1853 837 1954 956 nae

595 1006 776 1146 prorsus
813 1011 1024 1152 indignus
1063 1013 1299 1151 discipulus
1342 1011 1450 1118 milri
1469 1099 1478 1112 .
1496 1013 1667 1120 videor.
1845 1106 1850 1116 .

667 1201 745 1303 Te
761 1231 873 1336 vcro
902 1235 1013 1305 cum
1029 1211 1229 1332 intueor,
1240 1203 1332 1312 Vir
1348 1203 1597 1308 Clarissame
1619 1228 1959 1330 annitatur,⁸

584 1411 641 1491 ‘et
682 1391 845 1496 lenitur
880 1393 987 1495 illud
1028 1393 1291 1497 defidcrium
1306 1473 1322 1522 ,
1359 1427 1406 1497 et
1442 1397 1516 1522 ille
1556 1429 1710 1500 motus
1734 1402 1957 1522 ..tristitiae

594 1611 871 1720 temperatur
902 1582 1071 1688 solatio.
1145 1587 1305 1724 Quem
1321 1585 1481 1720 ¹laeter
1499 1615 1596 1686 non
1610 1617 1803 1688 :tantum
1816 1583 1956 1716 ,supe-

593 1769 742 1894 reale,
780 1767 858 1872 sed
906 1769 979 1872 hic
1020 1773 1190 1906 prolixa
1233 1807 1340 1910 erga
1382 1808 1459 1876 me
1510 1775 1742 1876 voluntate
1780 1772 1948 1896 adesse.

592 1957 694 2064 Des
726 1958 836 2064 milti
873 1959 1004 2064 hanc.
1021 1969 1236 2089 veniam,
1260 1993 1311 2066 ut
1342 1959 1519 2100 publice
1546 1963 1784 2098 profitear,
1806 1961 1944 2088 Tibi,

593 2149 825 2288 Tuaeque
853 2159 1085 2279 interiori,
1108 2183 1292 2291 atquee
1313 2151 1503 2288 limpidis
1522 2151 1722 2254 fontibus
1743 2149 1954 2278 haustae,

591 2337 842 2440 medicinae
885 2341 1149 2441 institutioni
1191 2375 1238 2440 ct
1285 2373 1454 2441 meet
1495 2341 1602 2472 alios
1642 2342 1778 2444 Tuos
1796 2385 1809 2444 '.
1826 2339 1956 2458 disci·

571 2527 720 2664 pulos
777 2523 1019 2664 plurimum
1063 2525 1248 2662 debere.
1333 2527 1740 2666 Quemadmodum
1775 2525 1956 2631 dudum

591 2727 806 2860 coepisti,
837 2727 1003 2862 ‚grana
1056 2753 1117 2824 ac
1163 2719 1459 2824 familiaritate
1507 2749 1670 2859 perge.
1693 2751 1772 2822 me
1794 2809 1801 2818 .
1821 2747 1950 2820 com·

587 2910 760 3046 plecti,
792 2945 882 3047 ego
911 2911 1028 3034 Te,
1063 2909 1154 3018 Vir
1185 2907 1522 3010 Humanislime
1535 2981 1553 3032 ,
1591 2905 1768 3043 semper
1789 2941 1956 3031 amare

589 3133 636 3203 et
670 3103 923 3202 reverentia
966 3089 1228 3232 prosequare

656 3286 882 3424 Singulari
922 3239 1098 3417 paldone
1143 3281 1350 3408 afficior,
1381 3279 1485 3392 Viri
1511 3279 1804 3412 .Clariaiimi,
1840 3315 1956 3392 cunr

587 3475 692 3585 vos
717 3472 928 3612 ,collegas
963 3472 1130 3599 saluto,
1146 3553 1149 3564 .
1166 3475 1257 3608 qui,
1272 3497 1397 3574 tanta
1426 3471 1558 3574 laude
1594 3471 1719 3574 suam
1753 3479 1951 3612 quisque.

587 3665 863 3800 disciplinam
918 3661 1205 3800 profitemini.
1295 3662 1468 3802 Quanti
1512 3661 1674 3766 nciam
1721 3661 1952 3771 Vestrum

588 3857 826 3994 ingenium
860 3885 907 3956 et
949 3851 1280 3982 eruditionem,
1317 3885 1422 3956 nnnv
1450 3850 1582 3956 facile
1610 3853 1788 3982 dicam,
1823 3852 1952 3957 facie
1996 3953 2002 3964 .

574 4051 785 4164 maximi.
869 4041 1073 4148 Felicem
1125 4073 1203 4146 me
1252 4039 1493 4177 praedico,
1530 4042 1605 4148 cui
1656 4073 1726 4148 tot
1765 4047 1947 4148 virtuti»

587 4232 795 4369 exempla
837 4237 1007 4370 intueri
1041 4235 1326 4368 contigerit5
1385 4263 1504 4368 quae
1538 4231 1571 4336 fi
1614 4237 1803 4366 imiter,
1831 4233 1948 4342 nihil

1858 4455 1945 4528 m·
