4886 6036
591 599 643 687 ¹4
1005 573 1522 670 ORATIO.

590 849 694 924 tura
748 819 903 947 esset,
938 851 1040 934 nec,
1083 827 1337 961 nauigatio,
1377 851 1427 921 ut
1472 817 1649 922 coelum
1701 817 1939 959 vigiianter

588 1009 844 1144 spectarent
859 1049 873 1126 3
926 1040 974 1108 et
1017 1008 1229 1147 deinceps
1278 1018 1419 1148 magis
1463 1008 1521 1112 ad
1562 1039 1749 1110 omnem
1784 1005 1938 1110 huma·

593 1203 783 1303 nitatem
815 1173 1020 1301 encultse
1038 1276 1055 1326 ,
1073 1221 1181 1305 'nec
1212 1201 1389 1338 semper
1418 1232 1652 1338 quaestum
1687 1231 1734 1302 et
1767 1201 1942 1301 lucrum

587 1390 880 1528 spectantes,
937 1423 1182 1526 corporum.
1249 1393 1508 1498 coelestium
1564 1391 1941 1530 magnitudines,

585 1581 939 1698 internaliter
1006 1610 1183 1686 mestus,
1246 1580 1481 1718 diligenter
1548 1578 1940 1716 persequerentur.

592 1763 689 1870 Sed
727 1797 776 1867 et
814 1768 944 1869 multi
987 1798 1183 1903 agrestes
1223 1769 1380 1902 popuii
1415 1765 1625 1870 fideribus
1662 1768 1943 1871 divinitatem

590 1951 797 2068 ,tribuunt
805 2029 821 2082 ,
877 1984 925 2062 et
978 1951 1116 2056 fidere
1168 1953 1297 2060 fuere
1351 1991 1377 2056 a
1433 1951 1708 2090 philosophis
1736 1953 1859 2089 ipsrs
1897 1960 1945 2054 in

592 2141 809 2251 Deorum
847 2175 1040 2252 numero
1078 2142 1280 2280 repufits.
1351 2141 1485 2251 Male
1515 2149 1545 2245 ii
1576 2141 1779 2279 quidem.
1849 2141 1946 2248 Sed

595 2361 750 2436 errore
764 2329 1002 2440 ducuntur
1032 2332 1209 2432 iliorum
1239 2328 1476 2464 splendore
1497 2328 1836 2465 pulchritudinis
1863 2329 1945 2432 ob·

593 2517 845 2654 stupefacti.
926 2519 1002 2622 At
1052 2517 1126 2621 ille
1176 2519 1207 2617 st
1255 2551 1282 2618 a
1326 2520 1454 2620 coelo
1512 2522 1558 2618 in
1610 2543 1748 2618 terras
1800 2523 1945 2618 aciem

595 2711 770 2848 dirigit,
832 2741 996 2844 easque
1042 2715 1267 2834 intuetur,
1304 2739 1409 2808 cunr
1446 2739 1516 2807 res
1559 2713 1743 2842 propius
1800 2702 1946 2808 visere

593 2900 751 3008 dotum
777 2897 862 3022 stt,
883 2897 946 3003 ad,
972 2919 1056 3006 eas'
1077 2894 1453 3004 noscendasnon
1491 2900 1638 3004 minus
1674 2895 1943 3029 impelletur.

596 3087 740 3190 Mare
768 3147 772 3156 ι
802 3091 927 3186 eninr
988 3085 1021 3187 sr
1085 3081 1253 3218 spectat
1269 3139 1309 3209 ,ι
1341 3081 1480 3218 idque
1541 3082 1665 3184 videt
1726 3089 1945 3188 continuo

586 3305 728 3376 rnotu
769 3273 861 3370 fine
907 3303 1141 3374 murmure
1195 3271 1335 3376 fluere
1357 3327 1391 3396 ,·
1433 3301 1556 3372 nunc
1592 3275 1736 3372 ventis
1793 3275 1946 3402 agitari

588 3495 645 3576 ¹ct
686 3495 896 3602 turgere,
933 3459 1171 3599 aliquando
1212 3483 1443 3595 tepescere
1485 3491 1532 3560 et
1575 3485 1788 3562 aestuare·
1811 3458 1948 3562 vehe-
2071 3555 2079 3572 ,

598 3658 791 3757 mentius
807 3723 823 3775 ,
860 3649 1048 3783 ,semper
1100 3679 1256 3754 autern
1306 3681 1449 3783 prope
1491 3649 1620 3754 litora
1661 3654 1791 3756 certis
1835 3677 1949 3748 tenr-

599 3839 785 3974 poribus
828 3836 1052 3944 ‘accedere
1103 3871 1156 3940 et·
1191 3835 1442 3962 decedere,
1499 3869 1702 3974 cumque·
1733 3836 1816 3938 suis
1862 3835 1947 3937 hu·

590 4029 801 4144 ‚moribus
864 4027 1003 4132 solem
1072 4025 1374 4128 occidentem*
1422 4024 1733 4151 abscondidit,
1798 4027 1947 4132 lucere

589 4217 744 4366 ipsum
795 4250 841 4330 ct
890 4224 1012 4320 tenui
1046 4218 1213 4317 lumine
1242 4221 1445 4332 ·nritnre;
1493 4215 1524 4320 sr
1567 4217 1720 4328 talium
1764 4246 1948 4324 naturae

1844 4435 1949 4544 ope·
