4886 6036
599 571 652 660 m
1006 565 1532 672 ORATTOE

437 895 440 900 -
597 825 663 922 vlt
709 821 961 952 nutriendi,
1010 829 1079 928 vis
1128 826 1355 966 augendi,
1400 831 1468 931 vis
1503 819 1800 964 procreandi,
1829 817 1944 927 lunt

593 1015 640 1114 in
688 1009 892 1146 stirpibus
931 1037 980 1116 et
1019 1013 1317 1120 animantibus
1336 1052 1369 1138 ς’
1397 1013 1474 1119 scd
1515 1021 1564 1117 in
1610 1011 1678 1118 ltin
1711 1045 1943 1150 practerea

594 1199 695 1302 sunt
744 1201 887 1306 sensus
938 1237 984 1306 et
1043 1205 1296 1343 phantnfia.'
1375 1205 1593 1312 Homini¹
1622 1238 1735 1312 vern
1776 1209 1943 1311 multae

591 1389 699 1492 aliae
746 1423 816 1496 tes
865 1417 1005 1532 atque
1033 1403 1223 1502 eximiae
1247 1397 1441 1500 tributae
1469 1397 1587 1503 sunt.
1656 1399 1763 1502 Nec
1789 1426 1942 1500 tamen

590 1579 647 1684 illi
685 1579 837 1686 sensus
872 1615 918 1688 et
951 1583 1274 1721 phantasmati
1315 1593 1479 1691 omnin.
1516 1591 1755 1691 animantia
1810 1593 1944 1722 pertis

588 1798 724 1876 nent..
791 1772 968 1911 Quibus
1009 1774 1220 1878 destituta
1261 1777 1400 1914 longe
1441 1781 1608 1878 minori
1639 1773 1873 1876 intervallo
1916 1809 1943 1875 a

588 1959 793 2096 stirpibus
843 1967 891 2064 in
947 1969 1072 2067 omui
1128 1970 1247 2070 vitae
1289 1997 1462 2104 genere
1512 1957 1690 2068 distant.
1751 1963 1944 2101 'Atque

588 2149 662 2250 hie
713 2147 899 2286 quidem
931 2153 1186 2255 ‘latisstmus
1252 2181 1379 2290 patet
1439 2151 1678 2292 indagandi
1740 2185 1941 2291 campus.

586 2339 763 2443 Scimus
796 2344 919 2440 enim
954 2371 1058 2443 cum
1096 2342 1399 2468 Alexander,
1436 2342 1755 2446 Macedonum
1793 2345 1912 2448 Rex
1921 2381 1942 2469 ,·

586 2527 938 2632 inflammaretur
981 2527 1187 2665 cupidine
1223 2528 1480 2632 animalium
1515 2557 1706 2634 'naturas
1751 2535 1941 2670 cogunt·¹

589 2719 750 2847 cendi,
807 2749 1026 2858 magnum
1086 2715 1326 2825 hominum
1391 2739 1635 2824 numerum
1684 2753 1743 2823 ex
1799 2717 1939 2824 usae

587 2908 900 3044 Graeciaeque
963 2935 1104 3010 tractu
1116 2981 1133 3032 ,
1184 2939 1420 3044 quaequae
1468 2910 1666 3012 animalia
1715 2917 1935 3044 :pisca-tu,

584 3129 774 3226 venatu,
808 3105 999 3234 aucupio
1030 3123 1326 3232 caperentur,
1351 3097 1446 3228 ejus
1466 3095 1591 3230 jussu
1624 3095 1776 3200 sedulo
1793 3097 1941 3199 obser·

585 3287 728 3414 casse,
752 3307 922 3421 eosque
942 3312 1282 3420 percunctatum
1298 3281 1597 3388 Aristotelem
1615 3289 1939 3422 quinquaginta

579 3473 734 3584 ferme
768 3471 998 3578 volumina
1032 3469 1092 3574 de
1122 3468 1377 3574 animalibus
1404 3468 1650 3608 ..scriplrsse
1675 3481 1702 3516 ·“
1724 3469 1903 3610 Quibus
1916 3512 1936 3603 ’,·

582 3669 614 3772 lt
665 3695 724 3771 ex
792 3667 967 3804 reliquis
1030 3659 1172 3768 terris'
1214 3663 1401 3768 collecta
1441 3661 1622 3768 fuissent
1655 3665 1854 3768 animalia
1886 3692 1944 3766 et·

586 3856 822 3996 indagata,
870 3819 1061 3960 omniuo
1105 3861 1424 3994 quinquaginta
1461 3855 1712 3958 volumina:
1737 3851 1937 3958 accessu·

583 4049 708 4174 lent,
743 4077 832 4147 nec
871 4047 930 4148 lic
962 4075 1116 4149 tamen
1149 4041 1275 4147 subto
1311 4051 1492 4148 materia
1515 4041 1738 4150 defuisset.
1809 4045 1939 4148 Num·

583 4241 869 4396 animantium
911 4263 1078 4374 genem
1120 4239 1243 4336 aurio
1277 4231 1493 4336 modoet
1529 4231 1707 4336 constllo
1744 4229 1933 4368 possunt

1867 4453 1932 4522 Q
