4886 6036
596 596 652 710 πρ
1017 583 1059 673 0
1114 583 1258 697 aa
1295 585 1354 696 [Τ
1400 587 1430 676 Ἰ
1486 585 1539 685 0.

591 824 693 930 saxa
730 857 776 930 er
807 857 984 934 montes
1017 827 1311 936 efficidocer.
1361 831 1548 974 Quam·
1570 833 1803 964 materiem
1835 862 1942 937 curn

588 1015 774 1156 dignam
833 1019 1221 1124 existimaverint-=
1246 1017 1547 1159 Phylicorurn
1580 1025 1807 1155 principes
1819 1089 1840 1149 ,·
1894 1027 1940 1123 in

587 1243 675 1348 qua
717 1211 1032 1340 elaborarent,
1067 1245 1171 1316 nata
1206 1242 1277 1314 ear
1308 1209 1569 1348 praeclara,
1590 1243 1805 1346 tanquam
1831 1217 1942 1343 nixa

585 1395 887 1506 fundamento
916 1407 1113 1504 veritaris
1128 1445 1157 1528 ,‘
1178 1433 1319 1537 quam
1341 1431 1467 1502 nunc
1495 1395 1739 1525 habemus,
1775 1395 1944 1501 tellaria

584 1588 776 1698 scientia.
822 1593 896 1698 At
934 1599 995 1696 ita
1034 1590 1252 1696 instructo
1289 1587 1321 1693 fi
1358 1621 1417 1694 ex
1449 1587 1656 1694 officinae
1695 1589 1856 1690 umbra
1872 1659 1875 1666 -
1891 1591 1943 1692 in

586 1813 771 1888 naturae
827 1783 978 1884 lucem
1031 1783 1231 1919 egressus
1248 1821 1283 1908 ,·
1317 1745 1463 1882 artem
1490 1809 1553 1882 ct
1593 1785 1816 1882 rationem
1836 1811 1849 1832 ·
1868 1809 1944 1882 en

589 1979 768 2108 quirat,
805 2005 897 2109 qua
938 2003 999 2074 ex
1037 1969 1112 2074 illa
1153 1966 1354 2104 lapidum
1397 1965 1680 2072 multitudine
1715 1998 1763 2070 et
1802 1977 1945 2073 varies

585 2186 680 2262 tate
714 2159 843 2263 tellus
892 2159 1121 2264 exstructa
1170 2187 1313 2295 atque
1350 2155 1639 2262 exaedificata
1688 2155 1771 2286 fit,
1815 2189 1942 2294 prae.

463 2417 468 2428 ·
581 2319 804 2454 stantioris
833 2347 1063 2450 doctrinae
1108 2351 1287 2448 ubertas
1336 2345 1526 2450 accedi.
1595 2347 1755 2485 Quam
1778 2345 1952 2450 artem.

585 2537 725 2642 oculis
777 2564 826 2640 et
890 2541 1043 2640 animo
1109 2533 1510 2670 contemplantes,
1564 2534 1659 2667 ejus
1703 2533 1943 2674 dignitate

583 2759 638 2830 ac
691 2723 1022 2863 pulchritudine
1068 2731 1128 2830 ira
1171 2721 1355 2828 incendi
1398 2719 1542 2824 solent
1590 2751 1730 2858 atque
1764 2720 1943 2826 inflam-

582 2921 727 3043 mari,
776 2947 827 3015 ut
883 2915 975 3016 line
1041 2917 1137 3048 ejua
1194 2911 1399 3016 doctrina
1450 2946 1513 3014 ne
1561 2919 1703 3015 viram
1726 2988 1732 2998 -
1752 2913 1945 3048 quidem

584 3102 722 3239 ipsam
757 3098 1006 3238 jucundam
1054 3131 1232 3238 putent.
1318 3095 1476 3233 Hajus
1526 3097 1672 3201 studio
1723 3101 1947 3204 ,exardere

583 3323 736 3402 centes
796 3291 1142 3424 Charpenrieri,
1169 3257 1453 3420 'naaman
1503 3282 1668 3394 Bachii
1684 3319 1710 3415 ,·
1752 3318 1800 3389 et
1857 3293 1942 3426 qui

582 3489 753 3619 primus
820 3475 1126 3588 nominandus
1179 3472 1370 3605 fuerat,
1456 3483 1636 3616 generis
1673 3477 1939 3630 ⁴splendore

579 3670 729 3775 nescio
768 3702 829 3784 an
871 3667 1102 3770 doctrinae
1146 3672 1362 3771 varietate
1404 3695 1454 3768 et
1504 3667 1728 3807 elegantia
1767 3669 1943 3776 illustri·-

583 3895 674 3988 ot,
729 3855 1096 3983 Hunrboldrius,
1151 3888 1210 3960 ex
1239 3853 1468 3964 Werneri-
1509 3853 1658 3962 sehon
1709 3855 1940 3994 profecti,

580 4049 747 4153 alacres
786 4045 1025 4184 Europam
1071 4075 1259 4166 omnem
1301 4077 1348 4148 er
1388 4005 1605 4187 magnam
1654 4045 1850 4156 Africae
1885 4079 1947 4152 et·

580 4241 825 4350 Americae
868 4267 1058 4377 partem,
1087 4263 1410 4371 peramarunt,
1445 4265 1499 4338 ct
1525 4267 1717 4374 magnos
1756 4233 1958 4349 labora:

1779 4455 1942 4530 exam·-
