<?xml version="1.0" encoding="UTF-8"?>
<!DOCTYPE html PUBLIC "-//W3C//DTD XHTML 1.0 Transitional//EN"
    "http://www.w3.org/TR/xhtml1/DTD/xhtml1-transitional.dtd">
<html xmlns="http://www.w3.org/1999/xhtml" xml:lang="en" lang="en">
 <head>
  <title>
</title>
<meta http-equiv="Content-Type" content="text/html;charset=utf-8" />
  <meta name='ocr-system' content='tesseract 3.04.00' />
  <meta name='ocr-capabilities' content='ocr_page ocr_carea ocr_par ocr_line ocrx_word'/>
</head>
<body>
  <div class='ocr_page' id='page_1' title='image "./oratio00mescgoog_0026.png"; bbox 0 0 4886 6036; ppageno 0'>
   <div class='ocr_carea' id='block_1_1' title="bbox 887 553 1840 658">
    <p class='ocr_par' dir='ltr' id='par_1_1' title="bbox 887 553 1840 658">
     <span class='ocr_line' id='line_1_1' title="bbox 887 553 1840 658; baseline -0.015 -4"><span class='ocrx_word' id='word_1_1' title='bbox 887 553 1424 654; x_wconf 74' lang='lat' dir='ltr'>uttauto.</span> <span class='ocrx_word' id='word_1_2' title='bbox 1789 573 1840 658; x_wconf 71' lang='grc' dir='ltr'>ις</span> 
     </span>
    </p>
   </div>
   <div class='ocr_carea' id='block_1_2' title="bbox 361 793 1856 4546">
    <p class='ocr_par' dir='ltr' id='par_1_2' title="bbox 433 793 1851 3402">
     <span class='ocr_line' id='line_1_2' title="bbox 433 793 1841 940; baseline -0.004 -36"><span class='ocrx_word' id='word_1_3' title='bbox 433 827 682 940; x_wconf 64' lang='lat' dir='ltr'>⁴optatum</span> <span class='ocrx_word' id='word_1_4' title='bbox 737 799 952 932; x_wconf 74' lang='lat' dir='ltr'>adspectu</span> <span class='ocrx_word' id='word_1_5' title='bbox 998 832 1255 936; x_wconf 75' lang='lat' dir='ltr'>pascuntur</span> <span class='ocrx_word' id='word_1_6' title='bbox 1295 803 1407 935; x_wconf 82' lang='lat' dir='ltr'>ejus</span> <span class='ocrx_word' id='word_1_7' title='bbox 1464 799 1584 900; x_wconf 86' lang='lat' dir='ltr'>oculi</span> <span class='ocrx_word' id='word_1_8' title='bbox 1600 869 1619 923; x_wconf 85' lang='lat'><strong><em>,</em></strong></span> <span class='ocrx_word' id='word_1_9' title='bbox 1655 793 1841 900; x_wconf 82' lang='lat' dir='ltr'>nihilne</span> 
     </span>
     <span class='ocr_line' id='line_1_3' title="bbox 488 986 1843 1114; baseline -0.005 -22"><span class='ocrx_word' id='word_1_10' title='bbox 488 992 749 1094; x_wconf 81' lang='lat' dir='ltr'>movebitur</span> <span class='ocrx_word' id='word_1_11' title='bbox 767 997 986 1114; x_wconf 80' lang='lat' dir='ltr'>animus,</span> <span class='ocrx_word' id='word_1_12' title='bbox 1013 1023 1071 1090; x_wconf 91' lang='lat' dir='ltr'>an</span> <span class='ocrx_word' id='word_1_13' title='bbox 1091 989 1416 1092; x_wconf 85' lang='lat' dir='ltr'>excitabuntur</span> <span class='ocrx_word' id='word_1_14' title='bbox 1449 997 1496 1090; x_wconf 94' lang='lat' dir='ltr'>in</span> <span class='ocrx_word' id='word_1_15' title='bbox 1518 1021 1587 1087; x_wconf 90' lang='lat' dir='ltr'>eo</span> <span class='ocrx_word' id='word_1_16' title='bbox 1623 986 1843 1088; x_wconf 72' lang='lat' dir='ltr'>mirabiles</span> 
     </span>
     <span class='ocr_line' id='line_1_4' title="bbox 489 1177 1848 1316; baseline -0.007 -34"><span class='ocrx_word' id='word_1_17' title='bbox 489 1181 560 1282; x_wconf 86' lang='lat' dir='ltr'>illa</span> <span class='ocrx_word' id='word_1_18' title='bbox 594 1179 837 1316; x_wconf 78' lang='lat' dir='ltr'>indagandi</span> <span class='ocrx_word' id='word_1_19' title='bbox 857 1181 1087 1284; x_wconf 75' lang='lat' dir='ltr'>-amoresi</span> <span class='ocrx_word' id='word_1_20' title='bbox 1143 1179 1242 1282; x_wconf 73' lang='lat' dir='ltr'>Sin</span> <span class='ocrx_word' id='word_1_21' title='bbox 1278 1207 1435 1279; x_wconf 81' lang='lat' dir='ltr'>autern</span> <span class='ocrx_word' id='word_1_22' title='bbox 1468 1177 1662 1282; x_wconf 20' lang='lat' dir='ltr'>ellitore</span> <span class='ocrx_word' id='word_1_23' title='bbox 1683 1203 1848 1313; x_wconf 83' lang='lat' dir='ltr'>egres·</span> 
     </span>
     <span class='ocr_line' id='line_1_5' title="bbox 487 1363 1844 1504; baseline -0.005 -34"><span class='ocrx_word' id='word_1_24' title='bbox 487 1368 560 1470; x_wconf 75' lang='lat' dir='ltr'>ns</span> <span class='ocrx_word' id='word_1_25' title='bbox 597 1367 873 1504; x_wconf 81' lang='lat' dir='ltr'>-depreslam</span> <span class='ocrx_word' id='word_1_26' title='bbox 915 1399 1098 1470; x_wconf 86' lang='lat' dir='ltr'>terram</span> <span class='ocrx_word' id='word_1_27' title='bbox 1136 1397 1393 1468; x_wconf 33' lang='lat' dir='ltr'>*contuetur</span> <span class='ocrx_word' id='word_1_28' title='bbox 1430 1363 1605 1501; x_wconf 47' lang='lat' dir='ltr'>‚parlim</span> <span class='ocrx_word' id='word_1_29' title='bbox 1645 1363 1844 1465; x_wconf 75' lang='lat' dir='ltr'>collibus</span> 
     </span>
     <span class='ocr_line' id='line_1_6' title="bbox 484 1553 1845 1694; baseline -0.003 -36"><span class='ocrx_word' id='word_1_30' title='bbox 484 1556 779 1660; x_wconf 82' lang='lat' dir='ltr'>rnontibusve</span> <span class='ocrx_word' id='word_1_31' title='bbox 824 1557 1001 1685; x_wconf 76' lang='lat' dir='ltr'>attolli,</span> <span class='ocrx_word' id='word_1_32' title='bbox 1054 1553 1493 1694; x_wconf 78' lang='lat' dir='ltr'>quortrtnsarnnibus</span> <span class='ocrx_word' id='word_1_33' title='bbox 1528 1562 1760 1692; x_wconf 82' lang='lat' dir='ltr'>irrigatur,</span> <span class='ocrx_word' id='word_1_34' title='bbox 1781 1583 1845 1654; x_wconf 72' lang='lat' dir='ltr'>:et</span> 
     </span>
     <span class='ocr_line' id='line_1_7' title="bbox 487 1743 1846 1880; baseline 0.001 -32"><span class='ocrx_word' id='word_1_35' title='bbox 487 1745 656 1848; x_wconf 82' lang='lat' dir='ltr'>oonsrta</span> <span class='ocrx_word' id='word_1_36' title='bbox 684 1777 796 1846; x_wconf 88' lang='lat' dir='ltr'>:non</span> <span class='ocrx_word' id='word_1_37' title='bbox 837 1776 935 1845; x_wconf 85' lang='lat' dir='ltr'>tarn</span> <span class='ocrx_word' id='word_1_38' title='bbox 982 1743 1169 1880; x_wconf 76' lang='lat' dir='ltr'>pulchre</span> <span class='ocrx_word' id='word_1_39' title='bbox 1204 1745 1596 1847; x_wconf 77' lang='lat' dir='ltr'>testitutllorum</span> <span class='ocrx_word' id='word_1_40' title='bbox 1623 1752 1846 1862; x_wconf 77' lang='lat' dir='ltr'>uarietate</span> 
     </span>
     <span class='ocr_line' id='line_1_8' title="bbox 487 1932 1846 2072; baseline -0.004 -35"><span class='ocrx_word' id='word_1_41' title='bbox 487 1967 538 2038; x_wconf 89' lang='lat' dir='ltr'>et</span> <span class='ocrx_word' id='word_1_42' title='bbox 573 1933 859 2038; x_wconf 85' lang='lat' dir='ltr'>multitudine</span> <span class='ocrx_word' id='word_1_43' title='bbox 893 1933 1134 2034; x_wconf 89' lang='lat' dir='ltr'>herbarum</span> <span class='ocrx_word' id='word_1_44' title='bbox 1172 1963 1219 2034; x_wconf 90' lang='lat' dir='ltr'>et</span> <span class='ocrx_word' id='word_1_45' title='bbox 1254 1935 1492 2060; x_wconf 84' lang='lat' dir='ltr'>arborum,</span> <span class='ocrx_word' id='word_1_46' title='bbox 1537 1966 1677 2070; x_wconf 86' lang='lat' dir='ltr'>quarn</span> <span class='ocrx_word' id='word_1_47' title='bbox 1706 1932 1846 2072; x_wconf 67' lang='lat' dir='ltr'>⁴large</span> 
     </span>
     <span class='ocr_line' id='line_1_9' title="bbox 476 2121 1841 2262; baseline -0.001 -36"><span class='ocrx_word' id='word_1_48' title='bbox 476 2123 645 2262; x_wconf 71' lang='lat' dir='ltr'>&#39;fruges</span> <span class='ocrx_word' id='word_1_49' title='bbox 692 2123 840 2226; x_wconf 85' lang='lat' dir='ltr'>fundit</span> <span class='ocrx_word' id='word_1_50' title='bbox 888 2123 946 2226; x_wconf 91' lang='lat' dir='ltr'>ad</span> <span class='ocrx_word' id='word_1_51' title='bbox 981 2121 1177 2226; x_wconf 77' lang='lat' dir='ltr'>fructum</span> <span class='ocrx_word' id='word_1_52' title='bbox 1214 2123 1277 2228; x_wconf 81' lang='lat' dir='ltr'>lui</span> <span class='ocrx_word' id='word_1_53' title='bbox 1312 2157 1357 2225; x_wconf 91' lang='lat' dir='ltr'>et</span> <span class='ocrx_word' id='word_1_54' title='bbox 1389 2154 1524 2226; x_wconf 76' lang='lat' dir='ltr'>natae·</span> <span class='ocrx_word' id='word_1_55' title='bbox 1551 2157 1597 2226; x_wconf 91' lang='lat' dir='ltr'>et</span> <span class='ocrx_word' id='word_1_56' title='bbox 1631 2156 1841 2259; x_wconf 83' lang='lat' dir='ltr'>paratas3</span> 
     </span>
     <span class='ocr_line' id='line_1_10' title="bbox 488 2311 1847 2452; baseline 0 -39"><span class='ocrx_word' id='word_1_57' title='bbox 488 2312 645 2446; x_wconf 76' lang='lat' dir='ltr'>hujus.</span> <span class='ocrx_word' id='word_1_58' title='bbox 671 2319 805 2451; x_wconf 88' lang='lat' dir='ltr'>igitur</span> <span class='ocrx_word' id='word_1_59' title='bbox 859 2311 1050 2416; x_wconf 82' lang='lat' dir='ltr'>doniis.</span> <span class='ocrx_word' id='word_1_60' title='bbox 1079 2311 1182 2415; x_wconf 87' lang='lat' dir='ltr'>suae</span> <span class='ocrx_word' id='word_1_61' title='bbox 1213 2319 1432 2415; x_wconf 75' lang='lat' dir='ltr'>notitiam</span> <span class='ocrx_word' id='word_1_62' title='bbox 1475 2314 1675 2452; x_wconf 85' lang='lat' dir='ltr'><strong>negliget</strong></span> <span class='ocrx_word' id='word_1_63' title='bbox 1731 2313 1847 2447; x_wconf 87' lang='lat' dir='ltr'>sper·</span> 
     </span>
     <span class='ocr_line' id='line_1_11' title="bbox 488 2497 1847 2636; baseline -0.003 -32"><span class='ocrx_word' id='word_1_64' title='bbox 488 2501 666 2604; x_wconf 74' lang='lat' dir='ltr'>netvel</span> <span class='ocrx_word' id='word_1_65' title='bbox 752 2499 907 2602; x_wconf 88' lang='lat' dir='ltr'>Irnmo</span> <span class='ocrx_word' id='word_1_66' title='bbox 943 2509 1141 2636; x_wconf 88' lang='lat' dir='ltr'>quaerit,</span> <span class='ocrx_word' id='word_1_67' title='bbox 1174 2510 1396 2636; x_wconf 82' lang='lat' dir='ltr'>expetit,</span> <span class='ocrx_word' id='word_1_68' title='bbox 1442 2500 1675 2604; x_wconf 79' lang='lat' dir='ltr'>defident.</span> <span class='ocrx_word' id='word_1_69' title='bbox 1748 2497 1847 2602; x_wconf 83' lang='lat' dir='ltr'>Est</span> 
     </span>
     <span class='ocr_line' id='line_1_12' title="bbox 488 2686 1846 2828; baseline 0 -36"><span class='ocrx_word' id='word_1_70' title='bbox 488 2693 649 2813; x_wconf 82' lang='lat' dir='ltr'>enim,</span> <span class='ocrx_word' id='word_1_71' title='bbox 684 2687 855 2798; x_wconf 73' lang='lat' dir='ltr'>Cicero</span> <span class='ocrx_word' id='word_1_72' title='bbox 889 2686 995 2790; x_wconf 89' lang='lat' dir='ltr'>dicit</span> <span class='ocrx_word' id='word_1_73' title='bbox 1007 2761 1029 2814; x_wconf 74' lang='lat'><em>,</em></span> <span class='ocrx_word' id='word_1_74' title='bbox 1094 2763 1130 2814; x_wconf 93' lang='lat'><strong>„</strong></span> <span class='ocrx_word' id='word_1_75' title='bbox 1169 2694 1420 2790; x_wconf 88' lang='lat' dir='ltr'>animorum</span> <span class='ocrx_word' id='word_1_76' title='bbox 1456 2697 1846 2828; x_wconf 80' lang='lat' dir='ltr'>-ingeniorumque</span> 
     </span>
     <span class='ocr_line' id='line_1_13' title="bbox 497 2875 1850 3016; baseline -0.001 -30"><span class='ocrx_word' id='word_1_77' title='bbox 497 2879 757 3008; x_wconf 86' lang='lat' dir='ltr'>„naturale</span> <span class='ocrx_word' id='word_1_78' title='bbox 793 2875 1026 3016; x_wconf 76' lang='lat' dir='ltr'><strong>quoddam</strong></span> <span class='ocrx_word' id='word_1_79' title='bbox 1043 2951 1057 3006; x_wconf 37' lang='grc' dir='ltr'>ι,</span> <span class='ocrx_word' id='word_1_80' title='bbox 1072 2877 1287 3016; x_wconf 75' lang='lat' dir='ltr'>pabulent</span> <span class='ocrx_word' id='word_1_81' title='bbox 1321 2877 1613 2986; x_wconf 81' lang='lat' dir='ltr'>confidetaaio</span> <span class='ocrx_word' id='word_1_82' title='bbox 1643 2915 1850 2986; x_wconf 87' lang='lat' dir='ltr'>contern-</span> 
     </span>
     <span class='ocr_line' id='line_1_14' title="bbox 488 3068 1838 3208; baseline -0.006 -36"><span class='ocrx_word' id='word_1_83' title='bbox 488 3068 1050 3208; x_wconf 65' lang='lat' dir='ltr'>„planoque-naturael&#39;</span> <span class='ocrx_word' id='word_1_84' title='bbox 1831 3155 1838 3164; x_wconf 84' lang='lat'><em>.</em></span> 
     </span>
     <span class='ocr_line' id='line_1_15' title="bbox 509 3256 1851 3402; baseline 0.007 -40"><span class='ocrx_word' id='word_1_85' title='bbox 509 3325 514 3334; x_wconf 91' lang='lat'>·</span> <span class='ocrx_word' id='word_1_86' title='bbox 563 3261 731 3394; x_wconf 82' lang='lat' dir='ltr'>Atque</span> <span class='ocrx_word' id='word_1_87' title='bbox 767 3259 837 3360; x_wconf 81' lang='lat' dir='ltr'>lrie</span> <span class='ocrx_word' id='word_1_88' title='bbox 871 3259 1018 3362; x_wconf 91' lang='lat' dir='ltr'>verbis</span> <span class='ocrx_word' id='word_1_89' title='bbox 1041 3256 1344 3394; x_wconf 84' lang='lat' dir='ltr'>Philosophus</span> <span class='ocrx_word' id='word_1_90' title='bbox 1375 3264 1609 3402; x_wconf 78' lang='lat' dir='ltr'>fignificat:</span> <span class='ocrx_word' id='word_1_91' title='bbox 1633 3301 1728 3370; x_wconf 91' lang='lat' dir='ltr'>non</span> <span class='ocrx_word' id='word_1_92' title='bbox 1755 3299 1851 3371; x_wconf 88' lang='lat' dir='ltr'>tan·</span> 
     </span>
    </p>

    <p class='ocr_par' dir='ltr' id='par_1_3' title="bbox 361 3444 1856 4546">
     <span class='ocr_line' id='line_1_16' title="bbox 361 3444 1851 3576; baseline 0.007 -27"><span class='ocrx_word' id='word_1_93' title='bbox 361 3567 365 3576; x_wconf 28' lang='lat'>¹</span> <span class='ocrx_word' id='word_1_94' title='bbox 489 3480 593 3550; x_wconf 85' lang='lat' dir='ltr'>tum</span> <span class='ocrx_word' id='word_1_95' title='bbox 625 3444 760 3550; x_wconf 88' lang='lat' dir='ltr'>ferire</span> <span class='ocrx_word' id='word_1_96' title='bbox 797 3445 944 3550; x_wconf 88' lang='lat' dir='ltr'>sensus</span> <span class='ocrx_word' id='word_1_97' title='bbox 980 3481 1049 3550; x_wconf 91' lang='lat' dir='ltr'>res</span> <span class='ocrx_word' id='word_1_98' title='bbox 1079 3449 1327 3575; x_wconf 88' lang='lat' dir='ltr'>naturales,</span> <span class='ocrx_word' id='word_1_99' title='bbox 1364 3483 1410 3552; x_wconf 88' lang='lat' dir='ltr'>et</span> <span class='ocrx_word' id='word_1_100' title='bbox 1451 3455 1630 3557; x_wconf 91' lang='lat' dir='ltr'>allectos</span> <span class='ocrx_word' id='word_1_101' title='bbox 1652 3459 1851 3560; x_wconf 83' lang='lat' dir='ltr'>mulcere</span> 
     </span>
     <span class='ocr_line' id='line_1_17' title="bbox 490 3633 1851 3777; baseline 0.012 -43"><span class='ocrx_word' id='word_1_102' title='bbox 490 3633 740 3738; x_wconf 81' lang='lat' dir='ltr'>titillatione</span> <span class='ocrx_word' id='word_1_103' title='bbox 785 3637 996 3773; x_wconf 81' lang='lat' dir='ltr'>quadam</span> <span class='ocrx_word' id='word_1_104' title='bbox 1027 3637 1267 3772; x_wconf 79' lang='lat' dir='ltr'>voluptatis</span> <span class='ocrx_word' id='word_1_105' title='bbox 1277 3681 1292 3759; x_wconf 91' lang='lat'>;</span> <span class='ocrx_word' id='word_1_106' title='bbox 1341 3639 1416 3744; x_wconf 90' lang='lat' dir='ltr'>sed</span> <span class='ocrx_word' id='word_1_107' title='bbox 1471 3643 1633 3750; x_wconf 85' lang='lat' dir='ltr'>harunr</span> <span class='ocrx_word' id='word_1_108' title='bbox 1678 3723 1715 3777; x_wconf 88' lang='lat'>‚‚</span> <span class='ocrx_word' id='word_1_109' title='bbox 1753 3681 1851 3751; x_wconf 87' lang='lat' dir='ltr'>turn</span> 
     </span>
     <span class='ocr_line' id='line_1_18' title="bbox 494 3827 1852 3975; baseline 0.011 -48"><span class='ocrx_word' id='word_1_110' title='bbox 494 3899 533 3950; x_wconf 78' lang='lat'>‚‚</span> <span class='ocrx_word' id='word_1_111' title='bbox 555 3830 851 3952; x_wconf 76' lang='lat' dir='ltr'>maximarum</span> <span class='ocrx_word' id='word_1_112' title='bbox 883 3899 899 3954; x_wconf 92' lang='lat'><strong>,</strong></span> <span class='ocrx_word' id='word_1_113' title='bbox 951 3855 1052 3930; x_wconf 89' lang='lat' dir='ltr'>tunr</span> <span class='ocrx_word' id='word_1_114' title='bbox 1086 3827 1480 3936; x_wconf 82' lang='lat' dir='ltr'>occultissrnraruna</span> <span class='ocrx_word' id='word_1_115' title='bbox 1514 3837 1852 3975; x_wconf 82' lang='lat' dir='ltr'>indagationem</span> 
     </span>
     <span class='ocr_line' id='line_1_19' title="bbox 496 4015 1853 4167; baseline 0.013 -51"><span class='ocrx_word' id='word_1_116' title='bbox 496 4087 537 4140; x_wconf 83' lang='lat'>„</span> <span class='ocrx_word' id='word_1_117' title='bbox 560 4015 799 4144; x_wconf 87' lang='lat' dir='ltr'>delectare,</span> <span class='ocrx_word' id='word_1_118' title='bbox 821 4051 868 4120; x_wconf 89' lang='lat' dir='ltr'>et</span> <span class='ocrx_word' id='word_1_119' title='bbox 889 4015 1204 4122; x_wconf 83' lang='lat' dir='ltr'>humanissnna</span> <span class='ocrx_word' id='word_1_120' title='bbox 1221 4024 1451 4160; x_wconf 88' lang='lat' dir='ltr'>complere</span> <span class='ocrx_word' id='word_1_121' title='bbox 1474 4033 1674 4132; x_wconf 85' lang='lat' dir='ltr'>animum</span> <span class='ocrx_word' id='word_1_122' title='bbox 1700 4033 1853 4167; x_wconf 85' lang='lat' dir='ltr'>volup·</span> 
     </span>
     <span class='ocr_line' id='line_1_20' title="bbox 492 4203 1853 4359; baseline 0.013 -55"><span class='ocrx_word' id='word_1_123' title='bbox 492 4271 536 4330; x_wconf 61' lang='grc'>,,,</span> <span class='ocrx_word' id='word_1_124' title='bbox 551 4203 703 4332; x_wconf 58' lang='lat' dir='ltr'>ratast}</span> <span class='ocrx_word' id='word_1_125' title='bbox 747 4205 888 4341; x_wconf 78' lang='lat' dir='ltr'>Cujus</span> <span class='ocrx_word' id='word_1_126' title='bbox 916 4204 1159 4314; x_wconf 80' lang='lat' dir='ltr'>sententiae</span> <span class='ocrx_word' id='word_1_127' title='bbox 1181 4215 1249 4318; x_wconf 88' lang='lat' dir='ltr'>vis</span> <span class='ocrx_word' id='word_1_128' title='bbox 1276 4222 1588 4348; x_wconf 86' lang='lat' dir='ltr'>pronuntiatae</span> <span class='ocrx_word' id='word_1_129' title='bbox 1617 4247 1853 4359; x_wconf 70' lang='lat' dir='ltr'>ternpore,</span> 
     </span>
     <span class='ocr_line' id='line_1_21' title="bbox 1757 4441 1856 4546; baseline 0.06 -37.94"><span class='ocrx_word' id='word_1_130' title='bbox 1757 4441 1856 4546; x_wconf 78' lang='lat' dir='ltr'>quo</span> 
     </span>
    </p>
   </div>
   <div class='ocr_carea' id='block_1_3' title="bbox 0 0 2456 6036">
    <p class='ocr_par' dir='ltr' id='par_1_4' title="bbox 0 0 2456 6036">
     <span class='ocr_line' id='line_1_22' title="bbox 0 0 2456 6036; baseline 0 0"><span class='ocrx_word' id='word_1_131' title='bbox 0 0 2456 6036; x_wconf 95' lang='lat' dir='ltr'> </span> 
     </span>
    </p>
   </div>
  </div>
 </body>
</html>
