<?xml version="1.0" encoding="UTF-8"?>
<!DOCTYPE html PUBLIC "-//W3C//DTD XHTML 1.0 Transitional//EN"
    "http://www.w3.org/TR/xhtml1/DTD/xhtml1-transitional.dtd">
<html xmlns="http://www.w3.org/1999/xhtml" xml:lang="en" lang="en">
 <head>
  <title>
</title>
<meta http-equiv="Content-Type" content="text/html;charset=utf-8" />
  <meta name='ocr-system' content='tesseract 3.04.00' />
  <meta name='ocr-capabilities' content='ocr_page ocr_carea ocr_par ocr_line ocrx_word'/>
</head>
<body>
  <div class='ocr_page' id='page_1' title='image "./oratio00mescgoog_0043.png"; bbox 0 0 4886 6036; ppageno 0'>
   <div class='ocr_carea' id='block_1_1' title="bbox 638 545 1574 668">
    <p class='ocr_par' dir='ltr' id='par_1_1' title="bbox 638 545 1574 668">
     <span class='ocr_line' id='line_1_1' title="bbox 638 545 1574 668; baseline 0.013 -24"><span class='ocrx_word' id='word_1_1' title='bbox 638 581 692 668; x_wconf 77' lang='lat'>3²</span> <span class='ocrx_word' id='word_1_2' title='bbox 1051 545 1574 656; x_wconf 64' lang='lat' dir='ltr'>onlnem·</span> 
     </span>
    </p>
   </div>
   <div class='ocr_carea' id='block_1_2' title="bbox 631 802 1993 2086">
    <p class='ocr_par' dir='ltr' id='par_1_2' title="bbox 631 802 1993 2086">
     <span class='ocr_line' id='line_1_2' title="bbox 639 802 1991 950; baseline 0.006 -42"><span class='ocrx_word' id='word_1_3' title='bbox 639 804 831 943; x_wconf 85' lang='lat' dir='ltr'>potuisse</span> <span class='ocrx_word' id='word_1_4' title='bbox 864 802 1010 910; x_wconf 90' lang='lat' dir='ltr'>factae</span> <span class='ocrx_word' id='word_1_5' title='bbox 1044 805 1142 910; x_wconf 87' lang='lat' dir='ltr'>esse</span> <span class='ocrx_word' id='word_1_6' title='bbox 1175 807 1266 912; x_wconf 86' lang='lat' dir='ltr'>stne</span> <span class='ocrx_word' id='word_1_7' title='bbox 1301 841 1467 950; x_wconf 87' lang='lat' dir='ltr'>magna</span> <span class='ocrx_word' id='word_1_8' title='bbox 1501 805 1725 916; x_wconf 72' lang='lat' dir='ltr'>industria.</span> <span class='ocrx_word' id='word_1_9' title='bbox 1746 839 1799 912; x_wconf 89' lang='lat' dir='ltr'>ac</span> <span class='ocrx_word' id='word_1_10' title='bbox 1823 807 1991 916; x_wconf 74' lang='lat' dir='ltr'>studim·</span> 
     </span>
     <span class='ocr_line' id='line_1_3' title="bbox 637 997 1989 1135; baseline 0.004 -38"><span class='ocrx_word' id='word_1_11' title='bbox 637 997 818 1132; x_wconf 88' lang='lat' dir='ltr'>Atque.</span> <span class='ocrx_word' id='word_1_12' title='bbox 838 1031 887 1098; x_wconf 93' lang='lat' dir='ltr'>ut</span> <span class='ocrx_word' id='word_1_13' title='bbox 915 1001 1133 1135; x_wconf 83' lang='lat' dir='ltr'>&#39;exemplo</span> <span class='ocrx_word' id='word_1_14' title='bbox 1149 1035 1154 1044; x_wconf 87' lang='lat'><strong>·</strong></span> <span class='ocrx_word' id='word_1_15' title='bbox 1168 1032 1387 1129; x_wconf 89' lang='lat' dir='ltr'>utamur,</span> <span class='ocrx_word' id='word_1_16' title='bbox 1446 1001 1638 1104; x_wconf 90' lang='lat' dir='ltr'>constat.</span> <span class='ocrx_word' id='word_1_17' title='bbox 1655 1007 1700 1102; x_wconf 76' lang='lat' dir='ltr'>es</span> <span class='ocrx_word' id='word_1_18' title='bbox 1717 997 1989 1102; x_wconf 76' lang='lat' dir='ltr'>nobilissimis</span> 
     </span>
     <span class='ocr_line' id='line_1_4' title="bbox 638 1187 1989 1326; baseline 0.005 -42"><span class='ocrx_word' id='word_1_19' title='bbox 638 1187 832 1314; x_wconf 83' lang='lat' dir='ltr'>artibus,</span> <span class='ocrx_word' id='word_1_20' title='bbox 871 1195 1041 1324; x_wconf 85' lang='lat' dir='ltr'>pictura</span> <span class='ocrx_word' id='word_1_21' title='bbox 1069 1221 1115 1291; x_wconf 90' lang='lat' dir='ltr'>et</span> <span class='ocrx_word' id='word_1_22' title='bbox 1164 1189 1419 1326; x_wconf 85' lang='lat' dir='ltr'>sculptura,</span> <span class='ocrx_word' id='word_1_23' title='bbox 1455 1198 1548 1294; x_wconf 88' lang='lat' dir='ltr'>vim</span> <span class='ocrx_word' id='word_1_24' title='bbox 1582 1223 1659 1292; x_wconf 86' lang='lat' dir='ltr'>ac·</span> <span class='ocrx_word' id='word_1_25' title='bbox 1677 1197 1989 1326; x_wconf 85' lang='lat' dir='ltr'>praestantiam</span> 
     </span>
     <span class='ocr_line' id='line_1_5' title="bbox 634 1375 1990 1516; baseline 0.006 -42"><span class='ocrx_word' id='word_1_26' title='bbox 634 1381 731 1476; x_wconf 89' lang='lat' dir='ltr'>veri</span> <span class='ocrx_word' id='word_1_27' title='bbox 741 1451 758 1502; x_wconf 89' lang='lat'><em>,</em></span> <span class='ocrx_word' id='word_1_28' title='bbox 798 1383 976 1480; x_wconf 88' lang='lat' dir='ltr'><strong>venusti</strong></span> <span class='ocrx_word' id='word_1_29' title='bbox 1004 1383 1143 1514; x_wconf 87' lang='lat' dir='ltr'>atque</span> <span class='ocrx_word' id='word_1_30' title='bbox 1169 1377 1347 1482; x_wconf 88' lang='lat' dir='ltr'>honesti</span> <span class='ocrx_word' id='word_1_31' title='bbox 1371 1379 1484 1480; x_wconf 87' lang='lat' dir='ltr'>clare</span> <span class='ocrx_word' id='word_1_32' title='bbox 1515 1387 1639 1480; x_wconf 86' lang='lat' dir='ltr'>ce&#39;rni</span> <span class='ocrx_word' id='word_1_33' title='bbox 1669 1375 1803 1513; x_wconf 86' lang='lat' dir='ltr'>posse</span> <span class='ocrx_word' id='word_1_34' title='bbox 1814 1455 1831 1506; x_wconf 91' lang='lat'>‚</span> <span class='ocrx_word' id='word_1_35' title='bbox 1853 1395 1990 1516; x_wconf 76' lang='lat' dir='ltr'>atqua</span> 
     </span>
     <span class='ocr_line' id='line_1_6' title="bbox 634 1564 1992 1698; baseline 0.004 -33"><span class='ocrx_word' id='word_1_36' title='bbox 634 1564 702 1668; x_wconf 87' lang='lat' dir='ltr'>his</span> <span class='ocrx_word' id='word_1_37' title='bbox 723 1565 929 1670; x_wconf 89' lang='lat' dir='ltr'>Graecos</span> <span class='ocrx_word' id='word_1_38' title='bbox 963 1602 1079 1698; x_wconf 87' lang='lat' dir='ltr'>unos</span> <span class='ocrx_word' id='word_1_39' title='bbox 1103 1575 1320 1672; x_wconf 89' lang='lat' dir='ltr'>&#39;omnium</span> <span class='ocrx_word' id='word_1_40' title='bbox 1353 1576 1549 1671; x_wconf 86' lang='lat' dir='ltr'><strong>maxime</strong></span> <span class='ocrx_word' id='word_1_41' title='bbox 1573 1565 1793 1672; x_wconf 84' lang='lat' dir='ltr'>lloruisse.</span> <span class='ocrx_word' id='word_1_42' title='bbox 1864 1569 1992 1674; x_wconf 90' lang='lat' dir='ltr'>Nam</span> 
     </span>
     <span class='ocr_line' id='line_1_7' title="bbox 634 1757 1990 1892; baseline 0.001 -36"><span class='ocrx_word' id='word_1_43' title='bbox 634 1789 793 1858; x_wconf 88' lang='lat' dir='ltr'>eorum</span> <span class='ocrx_word' id='word_1_44' title='bbox 823 1759 989 1859; x_wconf 87' lang='lat' dir='ltr'>statuae</span> <span class='ocrx_word' id='word_1_45' title='bbox 1014 1759 1230 1862; x_wconf 87' lang='lat' dir='ltr'>Deorum</span> <span class='ocrx_word' id='word_1_46' title='bbox 1256 1759 1559 1892; x_wconf 89' lang='lat' dir='ltr'>Dearumque</span> <span class='ocrx_word' id='word_1_47' title='bbox 1589 1757 1792 1858; x_wconf 89' lang='lat' dir='ltr'>divinum</span> <span class='ocrx_word' id='word_1_48' title='bbox 1834 1759 1990 1860; x_wconf 85' lang='lat' dir='ltr'>vultut</span> 
     </span>
     <span class='ocr_line' id='line_1_8' title="bbox 631 1945 1993 2086; baseline 0.001 -40"><span class='ocrx_word' id='word_1_49' title='bbox 631 1975 678 2046; x_wconf 88' lang='lat' dir='ltr'>et</span> <span class='ocrx_word' id='word_1_50' title='bbox 719 1948 954 2050; x_wconf 89' lang='lat' dir='ltr'>oculomm</span> <span class='ocrx_word' id='word_1_51' title='bbox 995 1945 1279 2086; x_wconf 77' lang='lat' dir='ltr'>adspectum</span> <span class='ocrx_word' id='word_1_52' title='bbox 1313 1945 1508 2073; x_wconf 89' lang='lat' dir='ltr'>habent,</span> <span class='ocrx_word' id='word_1_53' title='bbox 1552 1975 1688 2082; x_wconf 84' lang='lat' dir='ltr'>atque</span> <span class='ocrx_word' id='word_1_54' title='bbox 1735 1975 1793 2046; x_wconf 84' lang='lat' dir='ltr'>ex</span> <span class='ocrx_word' id='word_1_55' title='bbox 1834 1977 1993 2048; x_wconf 86' lang='lat' dir='ltr'>catum</span> 
     </span>
    </p>
   </div>
   <div class='ocr_carea' id='block_1_3' title="bbox 629 2135 1992 2278">
    <p class='ocr_par' dir='ltr' id='par_1_3' title="bbox 629 2135 1992 2278">
     <span class='ocr_line' id='line_1_9' title="bbox 629 2135 1992 2278; baseline 0.004 -44"><span class='ocrx_word' id='word_1_56' title='bbox 629 2137 745 2236; x_wconf 85' lang='lat' dir='ltr'>statu</span> <span class='ocrx_word' id='word_1_57' title='bbox 759 2213 775 2262; x_wconf 90' lang='lat'>‚</span> <span class='ocrx_word' id='word_1_58' title='bbox 811 2137 987 2240; x_wconf 87' lang='lat' dir='ltr'>incessu</span> <span class='ocrx_word' id='word_1_59' title='bbox 997 2214 1014 2265; x_wconf 91' lang='lat'><em>,</em></span> <span class='ocrx_word' id='word_1_60' title='bbox 1052 2143 1275 2278; x_wconf 79' lang='lat' dir='ltr'>omnique.</span> <span class='ocrx_word' id='word_1_61' title='bbox 1303 2137 1506 2276; x_wconf 88' lang='lat' dir='ltr'>eorporis</span> <span class='ocrx_word' id='word_1_62' title='bbox 1538 2135 1687 2242; x_wconf 89' lang='lat' dir='ltr'>habitu</span> <span class='ocrx_word' id='word_1_63' title='bbox 1731 2167 1778 2238; x_wconf 91' lang='lat' dir='ltr'>et</span> <span class='ocrx_word' id='word_1_64' title='bbox 1810 2146 1992 2240; x_wconf 81' lang='lat' dir='ltr'>actione</span> 
     </span>
    </p>
   </div>
   <div class='ocr_carea' id='block_1_4' title="bbox 623 2327 2002 4518">
    <p class='ocr_par' dir='ltr' id='par_1_4' title="bbox 627 2327 2002 3223">
     <span class='ocr_line' id='line_1_10' title="bbox 631 2327 2002 2464; baseline 0.003 -38"><span class='ocrx_word' id='word_1_65' title='bbox 631 2357 757 2462; x_wconf 83' lang='lat' dir='ltr'>patet</span> <span class='ocrx_word' id='word_1_66' title='bbox 778 2328 996 2430; x_wconf 89' lang='lat' dir='ltr'>divinitas.</span> <span class='ocrx_word' id='word_1_67' title='bbox 1019 2331 1188 2464; x_wconf 81' lang='lat' dir='ltr'>&#39;Atqui</span> <span class='ocrx_word' id='word_1_68' title='bbox 1224 2329 1251 2427; x_wconf 83' lang='lat' dir='ltr'>e</span> <span class='ocrx_word' id='word_1_69' title='bbox 1285 2329 1534 2463; x_wconf 83' lang='lat' dir='ltr'>puellarum</span> <span class='ocrx_word' id='word_1_70' title='bbox 1568 2327 2002 2462; x_wconf 60' lang='lat' dir='ltr'>pulcherrimarum„</span> 
     </span>
     <span class='ocr_line' id='line_1_11' title="bbox 629 2513 1992 2654; baseline -0.001 -37"><span class='ocrx_word' id='word_1_71' title='bbox 629 2525 835 2654; x_wconf 89' lang='lat' dir='ltr'>quinque</span> <span class='ocrx_word' id='word_1_72' title='bbox 869 2517 1080 2616; x_wconf 90' lang='lat' dir='ltr'>lectarum</span> <span class='ocrx_word' id='word_1_73' title='bbox 1116 2516 1335 2652; x_wconf 84' lang='lat' dir='ltr'>exemplis</span> <span class='ocrx_word' id='word_1_74' title='bbox 1358 2521 1604 2654; x_wconf 76' lang='lat' dir='ltr'>imaginem</span> <span class='ocrx_word' id='word_1_75' title='bbox 1628 2513 1828 2620; x_wconf 88' lang='lat' dir='ltr'>Veneris</span> <span class='ocrx_word' id='word_1_76' title='bbox 1860 2518 1992 2618; x_wconf 83' lang='lat' dir='ltr'>duxit.</span> 
     </span>
     <span class='ocr_line' id='line_1_12' title="bbox 632 2703 1989 2834; baseline -0.004 -22"><span class='ocrx_word' id='word_1_77' title='bbox 632 2709 799 2812; x_wconf 83' lang='lat' dir='ltr'>Zeuxis</span> <span class='ocrx_word' id='word_1_78' title='bbox 814 2749 828 2827; x_wconf 91' lang='lat'>;</span> <span class='ocrx_word' id='word_1_79' title='bbox 863 2714 911 2809; x_wconf 94' lang='lat' dir='ltr'>et</span> <span class='ocrx_word' id='word_1_80' title='bbox 949 2703 1311 2834; x_wconf 75' lang='lat' dir='ltr'>&#39;venustissimum</span> <span class='ocrx_word' id='word_1_81' title='bbox 1344 2703 1537 2806; x_wconf 92' lang='lat' dir='ltr'>hominis</span> <span class='ocrx_word' id='word_1_82' title='bbox 1581 2705 1755 2808; x_wconf 90' lang='lat' dir='ltr'>vultum</span> <span class='ocrx_word' id='word_1_83' title='bbox 1791 2714 1989 2832; x_wconf 74' lang='lat' dir='ltr'>maxime</span> 
     </span>
     <span class='ocr_line' id='line_1_13' title="bbox 627 2894 1985 3030; baseline -0.004 -33"><span class='ocrx_word' id='word_1_84' title='bbox 627 2899 684 2997; x_wconf 83' lang='lat' dir='ltr'>ad</span> <span class='ocrx_word' id='word_1_85' title='bbox 743 2901 968 2998; x_wconf 86' lang='lat' dir='ltr'>divinum.</span> <span class='ocrx_word' id='word_1_86' title='bbox 992 2898 1230 3030; x_wconf 79' lang='lat' dir='ltr'>Apollinis¹</span> <span class='ocrx_word' id='word_1_87' title='bbox 1282 2894 1529 3018; x_wconf 82' lang='lat' dir='ltr'><strong>accedere,</strong></span> <span class='ocrx_word' id='word_1_88' title='bbox 1582 2927 1687 2996; x_wconf 90' lang='lat' dir='ltr'>eum</span> <span class='ocrx_word' id='word_1_89' title='bbox 1726 2897 1985 2996; x_wconf 90' lang='lat' dir='ltr'>ostenderit</span> 
     </span>
     <span class='ocr_line' id='line_1_14' title="bbox 627 3081 1986 3223; baseline -0.007 -28"><span class='ocrx_word' id='word_1_90' title='bbox 627 3087 792 3195; x_wconf 83' lang='lat' dir='ltr'>Petrus</span> <span class='ocrx_word' id='word_1_91' title='bbox 827 3089 1113 3223; x_wconf 87' lang='lat' dir='ltr'>Campetus,</span> <span class='ocrx_word' id='word_1_92' title='bbox 1142 3081 1265 3187; x_wconf 82' lang='lat' dir='ltr'>simili</span> <span class='ocrx_word' id='word_1_93' title='bbox 1301 3082 1441 3185; x_wconf 90' lang='lat' dir='ltr'>modo</span> <span class='ocrx_word' id='word_1_94' title='bbox 1475 3083 1705 3218; x_wconf 86' lang='lat' dir='ltr'>Apollinis</span> <span class='ocrx_word' id='word_1_95' title='bbox 1739 3091 1986 3222; x_wconf 77' lang='lat' dir='ltr'>imaginem</span> 
     </span>
    </p>

    <p class='ocr_par' dir='ltr' id='par_1_5' title="bbox 623 3276 1988 4518">
     <span class='ocr_line' id='line_1_15' title="bbox 629 3276 1874 3408; baseline -0.006 -30"><span class='ocrx_word' id='word_1_96' title='bbox 629 3283 808 3380; x_wconf 88' lang='lat' dir='ltr'>ductam</span> <span class='ocrx_word' id='word_1_97' title='bbox 843 3276 974 3374; x_wconf 87' lang='lat' dir='ltr'>fuisse</span> <span class='ocrx_word' id='word_1_98' title='bbox 1011 3277 1168 3407; x_wconf 85' lang='lat' dir='ltr'>conjici</span> <span class='ocrx_word' id='word_1_99' title='bbox 1201 3304 1364 3408; x_wconf 88' lang='lat' dir='ltr'>potest.</span> <span class='ocrx_word' id='word_1_100' title='bbox 1870 3387 1874 3400; x_wconf 24' lang='lat'>⁵</span> 
     </span>
     <span class='ocr_line' id='line_1_16' title="bbox 699 3459 1983 3602; baseline -0.006 -30"><span class='ocrx_word' id='word_1_101' title='bbox 699 3469 793 3572; x_wconf 89' lang='lat' dir='ltr'>Sed</span> <span class='ocrx_word' id='word_1_102' title='bbox 847 3463 1189 3586; x_wconf 87' lang='lat' dir='ltr'>animadvertite</span> <span class='ocrx_word' id='word_1_103' title='bbox 1234 3463 1428 3602; x_wconf 87' lang='lat' dir='ltr'>quaele,</span> <span class='ocrx_word' id='word_1_104' title='bbox 1463 3461 1752 3590; x_wconf 83' lang='lat' dir='ltr'>Auditorea,</span> <span class='ocrx_word' id='word_1_105' title='bbox 1810 3459 1983 3598; x_wconf 83' lang='lat' dir='ltr'>pulchri</span> 
     </span>
     <span class='ocr_line' id='line_1_17' title="bbox 623 3653 1988 3791; baseline -0.004 -29"><span class='ocrx_word' id='word_1_106' title='bbox 623 3659 773 3764; x_wconf 79' lang='lat' dir='ltr'>lenius</span> <span class='ocrx_word' id='word_1_107' title='bbox 829 3665 924 3762; x_wconf 84' lang='lat' dir='ltr'>vim</span> <span class='ocrx_word' id='word_1_108' title='bbox 978 3689 1025 3758; x_wconf 91' lang='lat' dir='ltr'>et</span> <span class='ocrx_word' id='word_1_109' title='bbox 1081 3663 1409 3791; x_wconf 90' lang='lat' dir='ltr'>praestantiam.</span> <span class='ocrx_word' id='word_1_110' title='bbox 1514 3653 1699 3791; x_wconf 89' lang='lat' dir='ltr'>Nempe</span> <span class='ocrx_word' id='word_1_111' title='bbox 1760 3653 1832 3756; x_wconf 88' lang='lat' dir='ltr'>ille</span> <span class='ocrx_word' id='word_1_112' title='bbox 1887 3686 1988 3757; x_wconf 89' lang='lat' dir='ltr'>non·</span> 
     </span>
     <span class='ocr_line' id='line_1_18' title="bbox 631 3843 1980 3984; baseline 0 -36"><span class='ocrx_word' id='word_1_113' title='bbox 631 3883 802 3952; x_wconf 88' lang='lat' dir='ltr'>tantum</span> <span class='ocrx_word' id='word_1_114' title='bbox 838 3849 1089 3952; x_wconf 81' lang='lat' dir='ltr'>adrerum</span> <span class='ocrx_word' id='word_1_115' title='bbox 1125 3843 1497 3984; x_wconf 87' lang='lat' dir='ltr'>cognoscendum</span> <span class='ocrx_word' id='word_1_116' title='bbox 1523 3843 1980 3983; x_wconf 85' lang='lat' dir='ltr'>dijudicandumque‚</span> 
     </span>
     <span class='ocr_line' id='line_1_19' title="bbox 630 4025 1982 4162; baseline -0.006 -20"><span class='ocrx_word' id='word_1_117' title='bbox 630 4041 864 4142; x_wconf 80' lang='lat' dir='ltr'>sedidem</span> <span class='ocrx_word' id='word_1_118' title='bbox 898 4035 1020 4142; x_wconf 89' lang='lat' dir='ltr'>ducit</span> <span class='ocrx_word' id='word_1_119' title='bbox 1055 4037 1136 4138; x_wconf 87' lang='lat' dir='ltr'>ad·</span> <span class='ocrx_word' id='word_1_120' title='bbox 1160 4025 1434 4162; x_wconf 85' lang='lat' dir='ltr'>honestum,</span> <span class='ocrx_word' id='word_1_121' title='bbox 1485 4033 1542 4136; x_wconf 93' lang='lat' dir='ltr'>ad</span> <span class='ocrx_word' id='word_1_122' title='bbox 1579 4039 1811 4138; x_wconf 88' lang='lat' dir='ltr'>virtutem.</span> <span class='ocrx_word' id='word_1_123' title='bbox 1897 4035 1982 4138; x_wconf 88' lang='lat' dir='ltr'>Est</span> 
     </span>
     <span class='ocr_line' id='line_1_20' title="bbox 628 4225 1982 4366; baseline -0.004 -36"><span class='ocrx_word' id='word_1_124' title='bbox 628 4240 748 4333; x_wconf 86' lang='lat' dir='ltr'>enim</span> <span class='ocrx_word' id='word_1_125' title='bbox 796 4227 1031 4366; x_wconf 90' lang='lat' dir='ltr'>pulchrum</span> <span class='ocrx_word' id='word_1_126' title='bbox 1067 4235 1137 4326; x_wconf 84' lang='lat' dir='ltr'>ita</span> <span class='ocrx_word' id='word_1_127' title='bbox 1173 4257 1278 4325; x_wconf 89' lang='lat' dir='ltr'>cum</span> <span class='ocrx_word' id='word_1_128' title='bbox 1297 4225 1504 4324; x_wconf 70' lang='lat' dir='ltr'>nonesto</span> <span class='ocrx_word' id='word_1_129' title='bbox 1540 4227 1870 4354; x_wconf 85' lang='lat' dir='ltr'>conjunctum,</span> <span class='ocrx_word' id='word_1_130' title='bbox 1929 4257 1982 4326; x_wconf 89' lang='lat' dir='ltr'>ut</span> 
     </span>
     <span class='ocr_line' id='line_1_21' title="bbox 1876 4445 1980 4518; baseline 0.038 -4"><span class='ocrx_word' id='word_1_131' title='bbox 1876 4445 1980 4518; x_wconf 85' lang='lat' dir='ltr'>utn-</span> 
     </span>
    </p>
   </div>
   <div class='ocr_carea' id='block_1_5' title="bbox 0 0 2448 6036">
    <p class='ocr_par' dir='ltr' id='par_1_6' title="bbox 0 0 2448 6036">
     <span class='ocr_line' id='line_1_22' title="bbox 0 0 2448 6036; baseline 0 2"><span class='ocrx_word' id='word_1_132' title='bbox 0 0 2448 6036; x_wconf 95' lang='lat' dir='ltr'> </span> 
     </span>
    </p>
   </div>
  </div>
 </body>
</html>
