4886 6036
596 591 651 722 tt,
1008 589 1532 696 ontrro

597 841 772 946 versum
820 845 1204 952 ,conservandum
1260 861 1307 951 e't
1368 845 1599 952 tuendum·
1649 847 1948 953 consentiant>

597 1029 782 1142 Omitto
824 1035 1032 1174 reliquas.
1102 1037 1424 1163 Tolerium,
1456 1069 1510 1140 ut
1540 1040 1650 1164 eor,
1685 1046 1761 1176 qui
1794 1039 1950 1140 soloni

594 1221 707 1324 coeli
748 1255 957 1326 ornatum
1006 1224 1241 1354 viderent,
1291 1224 1499 1362 profecto
1551 1257 1599 1327 et
1643 1225 1745 1326 esse
1781 1225 1911 1332 Deos
1922 1232 1946 1355 ,²

590 1439 638 1526 et
680 1407 818 1512 haec·
841 1441 971 1520 tanta
1011 1435 1160 1550 ‘opera
1211 1411 1435 1517 Deorum
1482 1412 1601 1541 esse,
1649 1413 1948 1519 arbitraturoo

529 1731 535 1754 ι
592 1595 716 1726 fore,
752 1603 962 1706 vetustati
1014 1599 1269 1738 persuasum
1314 1600 1467 1704 fuerit.

661 1759 711 1890 O
754 1788 955 1890 Naturae
1011 1790 1472 1923 contemplationem,
1528 1794 1654 1887 omni
1704 1789 1843 1891 'laude
1889 1811 1947 1894 et'i

587 1969 782 2084 hominis
811 1975 956 2078 studio
993 1976 1206 2116 dignam!
1244 2001 1293 2078 te
1336 1981 1578 2113 erigimur,
1615 1999 1664 2076 te
1697 1975 1759 2076 ad.
1789 1987 1951 2117 cogni-¹

590 2169 761 2262 tionem
809 2166 1042 2288 nostrum,
1079 2171 1251 2270 virtutis
1273 2237 1297 2290 ,.
1324 2161 1448 2288 Dei,
1487 2188 1534 2288 te
1569 2163 1635 2264 ad¹
1660 2169 1799 2266 vitam
1835 2172 1950 2270 vitan

590 2351 688 2464 lem·
716 2347 1063 2484 progredimur!

661 2538 734 2640 At
765 2567 876 2637 vero
907 2534 1089 2639 sicutiis
1121 2539 1198 2673 qui
1230 2563 1415 2638 naturae
1450 2543 1760 2674 cognitionem
1786 2549 1951 2644 animo

589 2725 802 2851 imbibit,
840 2725 933 2858 ejus
972 2723 1140 2826 fructus
1173 2723 1231 2854 ad
1270 2723 1404 2826 beate
1442 2725 1690 2829 vivendum
1722 2736 1948 2865 percipitr'

590 2925 649 3036 ita
696 2919 753 3018 ad
820 2949 1113 3018 communem
1169 2919 1310 3018 usum.
1364 2916 1587 3018 adducere
1645 2919 1854 3022 studebit·
1894 2952 1954 3020 er·

590 3111 766 3252 poterit.
837 3105 961 3210 Nam
1002 3135 1195 3208 naturae.
1238 3101 1491 3206 admiratio·
1511 3117 1621 3206 non}
1650 3137 1842 3207 tantum·
1873 3111 1947 3241 ju·

592 3293 780 3406 condior
827 3295 905 3426 ipsa
946 3293 1130 3417 fiet„sr
1183 3292 1380 3426 aliquem
1421 3297 1516 3395 cui.
1545 3291 1604 3394 de
1646 3293 1732 3396 illa:
1760 3329 1948 3425 narret,⁸

590 3485 847 3604 invenerim
903 3511 950 3578 et
1009 3475 1245 3617 augebitur
1312 3477 1483 3580 fructus
1538 3479 1816 3617 voluptatum
1833 3499 1853 3611 ,'
1907 3487 1958 3585 st-

588 3669 694 3794 aiios
739 3668 797 3772 ad
826 3667 1020 3770 eandem
1054 3667 1399 3771 admirationem
1433 3665 1666 3772 adduxerit
1674 3711 1689 3790 3
1727 3669 1804 3773 sed
1838 3681 1944 3775 tuni
1956 3737 1962 3750 ‚

591 3859 776 3964 demum
823 3857 1026 3960 laborem
1062 3856 1189 3960 suum
1237 3855 1553 3998 amplissnnum
1598 3855 1796 3964 fructum
1829 3895 1945 3966 tom

590 4047 809 4157 secumm.
859 4045 957 4150 esse
1010 4047 1306 4168 existimabit3
1353 4043 1387 4148 fl
1431 4078 1490 4148 ex
1545 4044 1620 4152 iilo
1663 4056 1713 4153 in
1753 4056 1945 4157 occultit'

590 4237 725 4346 rebus
756 4235 1029 4368 versato,in
1059 4245 1198 4344 vium
1220 4237 1463 4341 humanam
1479 4237 1709 4344 redundet
1740 4241 1957 4350 utilitate:

1840 4537 1845 4548 ,
1880 4465 1939 4541 0⁸
