4886 6036
573 554 627 667 46
987 554 1514 652 ORATIO.

580 809 738 950 quibus
786 807 904 910 adeo
945 837 995 910 ut
1042 810 1118 912 diu
1166 807 1367 914 fruamur
1405 808 1508 915 salvi
1561 842 1697 952 atque
1734 813 1931 940 alacres,

580 1033 859 1140 magnopere
878 1027 1008 1140 opto.
1045 1002 1111 1108 Et
1145 1003 1290 1132 Tibi,
1320 1004 1568 1110 Clarissimo
1603 1038 1788 1112 uncus
1802 1085 1824 1138 ,
1841 1041 1938 1146 grn-

580 1194 697 1298 tulor
741 1227 880 1332 quam
917 1227 1062 1332 nuper
1098 1193 1348 1324 obtinuisti,
1386 1193 1663 1302 cathedram.
1738 1193 1940 1304 Haecl

580 1382 693 1497 'libi
736 1415 831 1490 tam
866 1417 994 1526 grata
1032 1419 1099 1488 est
1131 1418 1267 1524 quam
1305 1391 1412 1492 'mea
1453 1384 1608 1514 mihi,
1639 1417 1691 1490 ut
1730 1384 1830 1490 fere
1870 1417 1942 1492 au·

578 1605 744 1713 gurm,
790 1575 992 1710 ejusdem
1039 1579 1230 1682 laetitiae
1275 1573 1381 1680 socii
1427 1576 1608 1698 sumus3
1641 1576 1776 1680 fimus
1801 1585 1939 1682 ctiam

579 1767 761 1888 laboris,
809 1775 1012 1896 virtutis,
1049 1767 1231 1906 gloriae.

649 1958 753 2062 Nec
798 1955 982 2094 possum
1026 1968 1137 2098 quin
1195 1957 1277 2062 Te
1322 1953 1627 2094 compellem,
1679 1953 1771 2066 Vir
1814 1954 1941 2060 Doc-

581 2145 743 2252 rissrme
783 2147 1073 2252 nossent!
1133 2156 1212 2285 qui
1254 2179 1445 2252 vacante
1493 2143 1709 2250 cathedra
1743 2143 1947 2248 doctoris·

579 2335 801 2442 Chemiac
843 2367 1033 2438 munere
1076 2369 1169 2438 tam
1210 2335 1398 2438 feliciter
1440 2368 1488 2438 et
1515 2367 1621 2438 cum
1647 2333 1782 2438 laude
1816 2333 1944 2439 func·

582 2559 653 2628 tus
705 2557 769 2628 cs.
874 2521 1040 2627 Nescio
1093 2519 1198 2622 sane
1241 2521 1352 2659 quid
1399 2527 1540 2658 magis
1590 2525 1727 2623 mirer
1773 2525 1942 2626 varium

580 2713 743 2820 Tuam
805 2711 1097 2840 doctrinam,
1153 2741 1212 2812 un
1267 2717 1402 2814 animi
1471 2709 1834 2814 moderationem
1897 2740 1942 2810 et

582 2903 844 3008 candorem.
935 2903 1021 3008 Tu
1079 2897 1264 3036 quidem
1325 2899 1438 3002 Tuo
1496 2899 1707 3032 exemplo
1753 2895 1914 3033 probas
1924 2968 1941 3024 ,

582 3091 822 3196 Chemiam
876 3117 981 3188 cum
1041 3083 1263 3188 medicina
1306 3081 1468 3186 utiliter
1495 3053 1777 3221 conjungi·
1815 3087 1943 3192 Nam
2029 3217 2035 3234 Ι

583 3281 704 3382 hanc
756 3275 872 3379 Tibi
933 3274 1131 3376 oblatam
1187 3267 1444 3372 cathedram
1494 3267 1735 3396 recusasti,
1792 3301 1944 3374 motus

585 3469 800 3572 clientum
831 3466 1153 3602 querimoniis,
1188 3491 1249 3562 ne
1282 3459 1485 3596 suscepta
1510 3457 1750 3584 cathedra,
1785 3491 1812 3562 a
1842 3459 1944 3586 Te,

582 3659 763 3764 medico
820 3655 1014 3796 probato
1070 3683 1119 3754 et
1172 3657 1351 3779 amico,
1394 3649 1821 3786 derelinquerentur
1853 3683 1946 3754 me·

584 3859 823 3955 tuentium.
896 3846 1042 3951 Grata
1083 3840 1194 3946 mihi
1236 3873 1305 3944 est
1355 3847 1524 3946 eterit
1565 3839 1677 3946 Tua
1719 3844 1942 3968 amicitia,
1998 3947 2007 3956 ,

585 4041 678 4150 Vir
703 4043 910 4180 Optime.
982 4035 1150 4142 Meam
1180 4029 1494 4150 Tibioffem3
1528 4061 1669 4168 arque
1710 4035 1943 4136 exanimo
2004 4129 2011 4138 .

586 4265 781 4372 precor,
841 4267 893 4334 nt
943 4231 1057 4334 haec
1110 4233 1263 4330 civitas
1300 4221 1539 4330 diutissime
1579 4223 1692 4328 Tua
1732 4221 1946 4359 prudenti

588 4421 812 4529 medicina
847 4415 1031 4522 fruatur.
1814 4409 1943 4516 Tan·
