4886 6036
915 567 962 660 0²
1012 557 1056 664 R
1110 565 1154 662 ll
1210 573 1252 664 Τ
1308 569 1330 662 1
1385 565 1439 664 0.·
1788 581 1857 680 ng*

492 798 648 914 'lucem
684 811 893 917 diffusam
918 828 1071 922 omnia
1101 819 1435 921 collustrantem
1463 807 1632 944 cernit,
1665 819 1847 954 ejusque

499 1001 696 1102 candore
750 1003 1037 1109 exhilaratam
1082 1037 1129 1109 et
1174 1007 1444 1144 tepefactam
1494 1039 1689 1126 tertam3
1725 1035 1848 1106 nune

499 1187 588 1293 hac
642 1189 906 1322 obscurata,
955 1202 1097 1297 cernit
1148 1198 1302 1299 lucidis
1352 1203 1586 1334 igneisque
1641 1197 1849 1298 sideribus

497 1383 755 1485 distinctum
826 1417 872 1485 et
936 1387 1197 1512 collucens3
1250 1417 1390 1522 atque
1468 1395 1585 1488 inter
1651 1395 1849 1488 minores

497 1571 643 1673 stellas
675 1577 882 1676 micantis
924 1575 1056 1678 lunae
1086 1576 1352 1682 mutabilem
1382 1571 1610 1700 formam,
1649 1606 1856 1678 crescen-

499 1791 595 1864 tem
641 1793 691 1862 et
736 1764 1110 1894 decrescentem,
1161 1774 1444 1900 variamque·
1481 1767 1655 1866 luminis
1710 1767 1851 1866 muta'·

498 1956 674 2052 tionem
688 1992 703 2070 ;
751 1951 782 2050 fi
841 1951 965 2054 videt
1007 1985 1175 2055 terram
1223 1985 1347 2056 nunc
1394 1953 1562 2091 frigore
1605 1955 1846 2091 adstringi,
1964 2063 1966 2068 ,

497 2173 621 2242 nunc
686 2172 844 2276 tepore
905 2143 1068 2262 laxati;
1127 2172 1174 2244 et
1232 2173 1344 2280 quas
1397 2141 1514 2242 ferat
1577 2143 1746 2243 fructus
1798 2177 1850 2244 ac

496 2328 682 2466 fruges,
726 2331 897 2433 aestivo
950 2331 1097 2432 calore
1137 2330 1255 2432 fotas
1313 2339 1562 2469 percoqui,
1615 2341 1850 2432 mitescere

496 2517 631 2619 dein*
665 2545 713 2618 et
770 2517 827 2618 ad
896 2524 1199 2620 maturitatem
1263 2520 1502 2655 perductas
1558 2520 1817 2624 dulcescere
1833 2563 1847 2640 ;

497 2737 653 2807 nonne
689 2733 862 2807 tantam
905 2739 1057 2808 rerum
1112 2707 1408 2812 constantiam
1463 2742 1599 2848 atque
1644 2711 1849 2816 ordinem

496 2893 735 2996 admiratus
746 2969 763 3022 ,
799 2901 1018 2999 excitatur
1043 2896 1101 2997 ad
1135 2897 1497 3032 exquirendum,
1542 2932 1633 3036 qua
1665 2901 1850 3002 tandem

494 3090 670 3184 ratione
700 3113 849 3185 terrae
884 3084 1135 3186 nuncluce
1171 3087 1515 3224 compleantur,
1545 3121 1669 3191 nunc
1699 3089 1850 3193 obscu

495 3301 649 3372 rentur
662 3308 677 3390 ;
727 3270 811 3406 qul
855 3301 952 3373 nox
1008 3302 1055 3372 et
1118 3270 1212 3372 dies
1225 3343 1242 3397 ,
1301 3301 1492 3374 aestates
1543 3303 1590 3374 et
1658 3276 1848 3414 hyemes

490 3460 821 3584 conficiantur,
869 3487 916 3559 et
958 3461 1114 3562 caloris
1171 3493 1218 3562 et
1280 3457 1457 3598 frigoris
1514 3462 1674 3564 modus
1730 3467 1846 3569 fiat?

494 3649 598 3753 Aut
646 3641 769 3785 quae
817 3648 1003 3751 tandem
1054 3650 1207 3754 caussa
1255 3661 1506 3756 commovit
1547 3687 1740 3794 gentes,
1798 3681 1847 3760 ut

494 3835 605 3946 dum
643 3829 742 3938 non
790 3836 1038 3942 admodum
1082 3827 1224 3942 cultae
1271 3873 1425 3972 erant,
1459 3877 1610 3984 neque
1645 3879 1703 3948 ex
1735 3849 1846 3951 coeli

494 4057 542 4126 et
598 4015 791 4127 siderum
850 4025 1161 4132 observatione
1220 4029 1454 4135 utilitatem
1494 4040 1542 4137 in
1582 4039 1721 4142 vitam
1767 4037 1846 4141 ltu·

495 4243 677 4320 manatn
715 4211 974 4320 redundare
1024 4217 1364 4354 percipiebant,
1402 4217 1507 4327 cunr
1551 4250 1643 4329 nec
1677 4257 1846 4333 merca·

1115 4404 1161 4514 Β
1196 4439 1228 4548 3
1780 4443 1846 4532 til·¹
