4886 6036
623 591 656 678 a
960 563 1568 676 'euentu

620 863 796 973 gamut.
865 832 986 936 Cum
1020 857 1365 937 sw1uosuso
1401 834 1523 932 enim
1558 855 1711 932 aetum
1744 857 1813 934 cst
1845 851 1974 970 prael

616 1009 752 1126 clare.
825 1022 920 1162 Qui
953 1017 1215 1156 perfunctus
1249 1017 1396 1120 multis
1430 1051 1476 1120 et
1502 1017 1681 1122 summis
1702 1015 1969 1149 honoribun‘

619 1243 666 1312 ct
714 1240 846 1312 aucto
879 1239 1019 1346 atque
1052 1235 1214 1310 ornato
1250 1206 1530 1310 scientiarum
1564 1207 1711 1338 flore,
1761 1210 1819 1314 ad
1852 1189 1976 1348 uam*

617 1401 807 1538 quillam
854 1431 904 1502 et
947 1431 1053 1502 cum
1095 1359 1289 1500 honesta
1331 1397 1547 1536 dignitate
1578 1403 1872 1538 conjunctam
1903 1395 1975 1508 scs.

616 1613 849 1698 nectutem
884 1587 1140 1728 progressus
1167 1611 1244 1688 'est
1255 1625 1270 1708 ς
1308 1617 1355 1690 et
1389 1581 1589 1724 corporis
1601 1661 1617 1716 ,
1660 1617 1786 1692 certe
1806 1571 1971 1695 mentia

617 1785 812 1917 uigore,
860 1783 998 1888 animi
1044 1775 1295 1902 hilaritate,
1331 1804 1514 1880 naturae
1548 1775 1754 1881 facilitate
1787 1772 1973 1920 integris

616 1969 794 2106 perlatis
828 1965 886 2069 ad
918 1989 1178 2068 extremum
1214 1969 1335 2065 vitae
1348 2037 1365 2089 ,
1402 1963 1585 2102 qualem
1619 1997 1647 2068 e
1680 1973 1772 2068 vita
1802 1975 1972 2072 exitum

612 2155 693 2260 fibi
740 2161 912 2292 precari
965 2151 1136 2257 solebat
1171 2147 1422 2253 Christiana
1457 2159 1660 2288 pietate,
1696 2154 1834 2264 talem
1886 2155 1977 2258 sor·

617 2354 725 2450 utus
772 2375 873 2470 est,
924 2337 1107 2442 facilem
1158 2367 1208 2441 et
1255 2339 1481 2476 placidum
1527 2371 1586 2444 ex
1628 2341 1715 2446 hac
1762 2377 1881 2450 terra
1926 2355 1976 2454 iu

612 2533 765 2636 beatas
800 2531 1051 2638 beatorum,
1077 2529 1286 2664 'regiones
1319 2523 1579 2634 discessum.
1627 2549 1631 2558 '

634 2717 748 2830 .·In
799 2751 921 2824 ttnra
970 2726 1101 2855 igitur
1153 2715 1420 2820 difficultate
1455 2717 1564 2856 quid
1583 2719 1757 2822 melius
1778 2747 1837 2822 -ct
1871 2721 1976 2830 lauit

614 2915 809 3048 tempori
839 2907 1186 3014 convenientius
1208 2903 1368 3004 faciam
1379 2977 1395 3029 ,
1429 2933 1567 3040 quam
1589 2904 1696 3008 mihi
1714 2913 1763 3009 in
1785 2907 1972 3038 Vestra,

613 3099 865 3208 Auditores
921 3087 1241 3218 Ornatissrmi,
1294 3089 1575 3194 humanitate
1608 3125 1746 3230 quam
1781 3101 1979 3232 primum

612 3288 878 3426 praefidium
932 3311 1194 3416 quaerere,
1244 3279 1557 3416 Vestramque
1625 3281 1978 3392 benivolentiam

613 3503 706 3620 quo
760 3475 905 3580 dccet
964 3469 1141 3608 pudore
1195 3468 1448 3604 implorate.
1540 3467 1623 3572 De
1677 3479 1836 3610 quibua
1886 3511 1975 3616 ego
2100 3613 2103 3620 ,

616 3695 787 3774 tantam
839 3663 970 3800 spem
1019 3665 1225 3794 concipio
1241 3724 1272 3784 ,-
1308 3685 1358 3758 ur
1391 3685 1565 3760 recreer
1609 3658 1698 3762 sese
1741 3661 1978 3768 submissus

614 3889 745 3963 metu
798 3861 1011 3970 animus;
1047 3880 1093 3948 et
1143 3846 1374 3976 confidat,
1433 3849 1537 3956 Vos
1572 3881 1702 3952 meae
1736 3855 1978 3966 voluntatis

613 4055 843 4164 rationem
900 4035 1137 4142 habituros
1188 4035 1309 4164 esse,
1364 4065 1414 4137 ct
1470 4039 1802 4143 condonaturos
1860 4077 1977 4180 quae

605 4243 699 4350 hac
732 4241 820 4338 loci
853 4229 1154 4370 amplitudine
1190 4261 1236 4328 et
1269 4229 1377 4330 tritis
1411 4229 1590 4339 Vestris
1624 4239 1797 4336 auribus
1832 4244 1978 4339 minus

1885 4425 1978 4568 dig·
